=LDR  01186cam a2200289 c 4500
=001  990320281134702202
=003  BIBSYS
=005  20230313074609.0
=007  cr||||||||||||
=007  ta
=008  110728s2003\\\\no#|||||\|||||000|1|nob|\
=020  \\$a8205312923$qh.$cNkr 99.00
=041  1\$heng
=082  74$a813$qNO-OsNB$25/nor
=100  1\$aMcCarthy, Cormac$d1933-2023$0(NO-TrBIB)90348328$1http://viaf.org/viaf/29558386$4http://rdaregistry.info/Elements/w/object/P10061
=240  10$aChild of God$kNovel$1http://viaf.org/viaf/188670330
=245  13$aEt Guds barn$cCormac McCarthy ; oversatt av Knut Johansen
=246  1\$aChild of God$iOriginaltittel
=260  \\$a[Oslo]$bGyldendal$c2003
=300  \\$a148 s.
=336  \\$atext$2rdacontent$0http://rdaregistry.info/termList/RDAContentType/1020
=337  \\$aunmediated$2rdamedia$0http://rdaregistry.info/termList/RDAMediaType/1007
=338  \\$avolume$2rdacarrier$0http://rdaregistry.info/termList/RDACarrierType/1049
=490  1\$aGyldendals små grå
=500  \\$a1. norske utg. 1989
=700  1\$aJohansen, Knut$4trl$1http://viaf.org/viaf/266451311$4http://rdaregistry.info/Elements/e/object/P20037
=830  \0$aGyldendals små grå

