=LDR  01156cam a2200265 c 4500
=001  990615449904702202
=003  BIBSYS
=005  20230531161905.0
=007  cr||||||||||||
=007  ta
=008  150819s2006\\\\no#|||||\|||||000|f|nob|\
=020  \\$a8205352267$qib.$cNkr 339.00
=020  \\$a9788205352261$qib.
=041  1\$heng
=082  74$a813$qNO-OsNB$25/nor
=100  1\$aMcCarthy, Cormac$d1933-2023$0(NO-TrBIB)90348328$1http://viaf.org/viaf/29558386$4http://rdaregistry.info/Elements/w/object/P10061
=240  10$aNo country for old men$kNovel$1http://viaf.org/viaf/214012164
=245  10$aIkke et land for gamle menn$cCormac McCarthy ; oversatt fra engelsk av Knut Ofstad
=246  1\$aNo country for old men$iOriginaltittel
=260  \\$a[Oslo]$bGyldendal$c2006
=300  \\$a229 s.
=336  \\$atext$2rdacontent$0http://rdaregistry.info/termList/RDAContentType/1020
=337  \\$aunmediated$2rdamedia$0http://rdaregistry.info/termList/RDAMediaType/1007
=338  \\$avolume$2rdacarrier$0http://rdaregistry.info/termList/RDACarrierType/1049
=700  1\$aOfstad, Knut$4trl$1http://viaf.org/viaf/225596267$4http://rdaregistry.info/Elements/e/object/P20037

