=LDR  01924cam a2200421 c 4500
=001  990620269764702202
=003  BIBSYS
=005  20230531162623.0
=007  cr||||||||||||
=007  ta
=008  140322s2006\\\\no#|||||\|||||000|f|nob|\
=020  \\$a8205351619$qh.$cNkr 99.00
=020  \\$a9788205351615$qh.
=041  1\$heng
=082  74$a813$qNO-OsNB$25/nor
=100  1\$aMcCarthy, Cormac$d1933-2023$0(NO-TrBIB)90348328$1http://viaf.org/viaf/29558386$4http://rdaregistry.info/Elements/w/object/P10061
=240  14$aThe border trilogy$kNovel collection$1http://viaf.org/viaf/175871715$8p
=245  10$aGrensetrilogien$cCormac McCarthy ; oversatt fra engelsk av Knut Ofstad
=246  1\$aAll the pretty horses$iOriginaltittel
=246  1\$aCities of the plain$iOriginaltittel
=246  1\$aThe crossing$iOriginaltittel
=260  \\$a[Oslo]$bGyldendal$c2006
=300  \\$a1023 s.
=336  \\$atext$2rdacontent$0http://rdaregistry.info/termList/RDAContentType/1020
=337  \\$aunmediated$2rdamedia$0http://rdaregistry.info/termList/RDAMediaType/1007
=338  \\$avolume$2rdacarrier$0http://rdaregistry.info/termList/RDACarrierType/1049
=490  1\$aGyldendal pocket
=500  \\$a1. norske utg. henholdsvis 1993, 1995 og 1999
=500  \\$aInnhold; Alle de vakre hestene ; Over grensen ; Byene på høysletten
=500  \\$aOpplagshistorikk:  Gyldendal pocket, 2. oppl. 2007
=505  \\$aAlle de vakre hestene -- Over grensen -- Byene på høysletten
=700  1\$aOfstad, Knut$4trl$1http://viaf.org/viaf/225596267$4http://rdaregistry.info/Elements/e/object/P20037
=700  12$aMcCarthy, Cormac,$d1933-2023.$tAll the pretty horses.$1http://viaf.org/viaf/214001528$8c1
=700  12$aMcCarthy, Cormac,$d1933-2023.$tCities of the plain.$1http://viaf.org/viaf/3417153653286155900001$8c3
=700  12$aMcCarthy, Cormac,$d1933-2023.$tThe crossing.$1http://viaf.org/viaf/309357400$8c2
=740  0\$aAlle de vakre hestene$8c1
=740  0\$aByene på høysletten$8c3
=740  0\$aOver grensen$8c2
=830  \0$aGyldendal pocket
=740  14$aGrensetriologien$8p

