=LDR  01073cam a2200253 c 4500
=001  990812592714702202
=003  BIBSYS
=005  20230531171814.0
=007  cr||||||||||||
=007  ta
=008  140914s2008\\\\no#|||||\|||||000|f|nob|\
=020  \\$a9788205373860$qh.$cNkr 349.00
=041  1\$heng
=082  74$a813$qNO-OsNB$25/nor
=100  1\$aMcCarthy, Cormac$d1933-2023$0(NO-TrBIB)90348328$1http://viaf.org/viaf/29558386$4http://rdaregistry.info/Elements/w/object/P10061
=240  10$aThe road$kNovel$1http://viaf.org/viaf/220031159
=245  10$aVeien$cCormac McCarthy ; oversatt fra engelsk av Knut Ofstad
=246  1\$aThe road$iOriginaltittel
=260  \\$a[Oslo]$bGyldendal$c2008
=300  \\$a253 s.
=336  \\$atext$2rdacontent$0http://rdaregistry.info/termList/RDAContentType/1020
=337  \\$aunmediated$2rdamedia$0http://rdaregistry.info/termList/RDAMediaType/1007
=338  \\$avolume$2rdacarrier$0http://rdaregistry.info/termList/RDACarrierType/1049
=700  1\$aOfstad, Knut$4trl$1http://viaf.org/viaf/225596267$4http://rdaregistry.info/Elements/e/object/P20037

