=LDR  01241cam a2200265 c 4500
=001  990925876744702202
=003  BIBSYS
=005  20230531175121.0
=007  cr||||||||||||
=007  ta
=008  150119s2010\\\\no#|||||\|||||000|f|nob|\
=020  \\$a9788205331730$qib.$cNkr 379.00
=041  1\$heng
=082  74$a813$qNO-OsNB$25/nor
=100  1\$aMcCarthy, Cormac$d1933-2023$0(NO-TrBIB)90348328$1http://viaf.org/viaf/29558386$4http://rdaregistry.info/Elements/w/object/P10061
=240  10$aBlood meridian, or The evening redness in the west$kNovel$1http://viaf.org/viaf/191524645
=245  10$aBlodmeridianen, eller Aftenrøden i vest$cCormac McCarthy ; oversatt fra engelsk av Knut Ofstad
=246  1\$aBlood meridian, or The evening redness$iOriginaltittel
=260  \\$a[Oslo]$bGyldendal$c2010
=300  \\$a334 s.
=336  \\$atext$2rdacontent$0http://rdaregistry.info/termList/RDAContentType/1020
=337  \\$aunmediated$2rdamedia$0http://rdaregistry.info/termList/RDAMediaType/1007
=338  \\$avolume$2rdacarrier$0http://rdaregistry.info/termList/RDACarrierType/1049
=500  \\$aOriginalutg.: New York : Random House, 1985
=700  1\$aOfstad, Knut$4trl$1http://viaf.org/viaf/225596267$4http://rdaregistry.info/Elements/e/object/P20037

