=LDR  01453cim a2200289 c 4500
=001  991004798204702202
=003  BIBSYS
=005  20230323134014.0
=007  cz|nza||||||||
=007  sz\z|nznnnzne|
=008  130318s2010\\\\no#||||\s||||||f#|||nob|\
=020  \\$a9788242148490$cNkr 449.00
=041  1\$heng$dnob
=082  74$a813$qNO-OsNB$25/nor
=100  1\$aMcCarthy, Cormac$d1933-2023$0(NO-TrBIB)90348328$1http://viaf.org/viaf/29558386$4http://rdaregistry.info/Elements/w/object/P10061
=240  14$aThe road$lNorsk$kNovel$1http://viaf.org/viaf/220031159
=245  10$aVeien$cCormac McCarthy ; [oversatt av Knut Ofstad]$h[lydopptak]
=246  1\$aThe road$iOriginaltittel
=260  \\$a[Melhus]$bLydbokforl.$c2010
=300  \\$a1 avspiller med lydfil (6 t, 40 min)$bdigital$eøretelefoner, brukermanual, bæresnor, batterier
=336  \\$aspoken word$2rdacontent$0http://rdaregistry.info/termList/RDAContentType/1013
=337  \\$aaudio$2rdamedia$0http://rdaregistry.info/termList/RDAMediaType/1001
=338  \\$aaudio disc$2rdacarrier$0http://rdaregistry.info/termList/RDACarrierType/1004
=500  \\$aDigital lydbok med integrert avspilling (digibok)
=500  \\$aLest av: Trond Brænne
=700  1\$aBrænne, Trond$d1953-2013$emedarb.$0(NO-TrBIB)90051057$1http://viaf.org/viaf/27122071$4http://rdaregistry.info/Elements/e/object/P20022
=700  1\$aOfstad, Knut$4trl$1http://viaf.org/viaf/225596267$4http://rdaregistry.info/Elements/e/object/P20037

