=LDR  01194cam a2200289 c 4500
=001  991016729694702202
=003  BIBSYS
=005  20230531190321.0
=007  cr||||||||||||
=007  ta
=008  131001s2010\\\\no#|||||\|||||000|f|nob|\
=020  \\$a9788205405325$qh.$cNkr 129.00
=041  1\$heng
=082  74$a813$qNO-OsNB$25/nor
=100  1\$aMcCarthy, Cormac$d1933-2023$0(NO-TrBIB)90348328$1http://viaf.org/viaf/29558386$4http://rdaregistry.info/Elements/w/object/P10061
=240  10$aChild of God$kNovel$1http://viaf.org/viaf/188670330
=245  13$aEt Guds barn$cCormac McCarthy ; oversatt fra engelsk av Knut Johansen
=246  1\$aChild of God$iOriginaltittel
=260  \\$a[Oslo]$bGyldendal$c2010
=300  \\$a168 s.
=336  \\$atext$2rdacontent$0http://rdaregistry.info/termList/RDAContentType/1020
=337  \\$aunmediated$2rdamedia$0http://rdaregistry.info/termList/RDAMediaType/1007
=338  \\$avolume$2rdacarrier$0http://rdaregistry.info/termList/RDACarrierType/1049
=490  1\$aGyldendal pocket
=500  \\$a1. norske utg. 1989
=700  1\$aJohansen, Knut$4trl$1http://viaf.org/viaf/266451311$4http://rdaregistry.info/Elements/e/object/P20037
=830  \0$aGyldendal pocket

