=LDR  01217cam a2200289 c 4500
=001  991017492954702202
=003  BIBSYS
=005  20230531190516.0
=007  cr||||||||||||
=007  ta
=008  140925s2010\\\\no#|||||\|||||000|f|nob|\
=020  \\$a9788205405318$qh.$cNkr 149.00
=041  1\$heng
=082  74$a813$qNO-OsNB$25/nor
=100  1\$aMcCarthy, Cormac$d1933-2023$0(NO-TrBIB)90348328$1http://viaf.org/viaf/29558386$4http://rdaregistry.info/Elements/w/object/P10061
=240  10$aAll the pretty horses$kNovel$1http://viaf.org/viaf/214001528
=245  10$aAlle de vakre hestene$cCormac McCarthy ; oversatt fra engelsk av Knut Ofstad
=246  1\$aAll the pretty horses$iOriginaltittel
=260  \\$a[Oslo]$bGyldendal$c2010
=300  \\$a299 s.
=336  \\$atext$2rdacontent$0http://rdaregistry.info/termList/RDAContentType/1020
=337  \\$aunmediated$2rdamedia$0http://rdaregistry.info/termList/RDAMediaType/1007
=338  \\$avolume$2rdacarrier$0http://rdaregistry.info/termList/RDACarrierType/1049
=490  1\$aGyldendal pocket
=500  \\$a1. norske utg. 1993
=700  1\$aOfstad, Knut$4trl$1http://viaf.org/viaf/225596267$4http://rdaregistry.info/Elements/e/object/P20037
=830  \0$aGyldendal pocket

