=LDR  01143cam a2200265 c 4500
=001  991214090744702202
=003  BIBSYS
=005  20230531210547.0
=007  ta
=008  150109s2012\\\\no#|||||||||||000|f|nob|\
=020  \\$a9788205413399$qib.$cNkr 379.00
=041  1\$heng
=082  04$a810$223
=082  74$a813$qNO-OsNB$25/nor
=100  1\$aMcCarthy, Cormac$d1933-2023$0(NO-TrBIB)90348328$1http://viaf.org/viaf/29558386$4http://rdaregistry.info/Elements/w/object/P10061
=240  14$aThe orchard keeper$kNovel$1http://viaf.org/viaf/191907343
=245  10$aFrukthagen$cCormac McCarthy ; oversatt fra engelsk av Knut Ofstad
=246  1\$aThe orchard keeper$iOriginaltittel
=260  \\$a[Oslo]$bGyldendal$c2012
=300  \\$a276 s.
=336  \\$atext$2rdacontent$0http://rdaregistry.info/termList/RDAContentType/1020
=337  \\$aunmediated$2rdamedia$0http://rdaregistry.info/termList/RDAMediaType/1007
=338  \\$avolume$2rdacarrier$0http://rdaregistry.info/termList/RDACarrierType/1049
=700  1\$aOfstad, Knut$4trl$1http://viaf.org/viaf/225596267$4http://rdaregistry.info/Elements/e/object/P20037
=776  0\$tFrukthagen$w991327322894702201

