=LDR  01084cam a2200253 c 4500
=001  998900848154702202
=003  BIBSYS
=005  20230312123043.0
=007  ta
=008  080123s1989\\\\no#|||||||||||000|1|nob|d
=020  \\$a8205180504$qib.$cNkr 248.00
=041  1\$heng
=082  74$a813$qNO-OsNB$24/nor
=100  1\$aMcCarthy, Cormac$d1933-2023$0(NO-TrBIB)90348328$1http://viaf.org/viaf/29558386$4http://rdaregistry.info/Elements/w/object/P10061
=240  10$aChild of God$kNovel$1http://viaf.org/viaf/188670330
=245  13$aEt Guds barn$cCormac McCarthy ; oversatt av Knut Johansen
=246  1\$aChild of God$iOriginaltittel
=260  \\$aOslo$bGyldendal$c1989
=300  \\$a148 s.$c22 cm
=336  \\$atext$2rdacontent$0http://rdaregistry.info/termList/RDAContentType/1020
=337  \\$aunmediated$2rdamedia$0http://rdaregistry.info/termList/RDAMediaType/1007
=338  \\$avolume$2rdacarrier$0http://rdaregistry.info/termList/RDACarrierType/1049
=490  0\$aVita-serien
=700  1\$aJohansen, Knut$4trl$1http://viaf.org/viaf/266451311$4http://rdaregistry.info/Elements/e/object/P20037

