=LDR  01046cam a2200241 c 4500
=001  999321889744702202
=003  BIBSYS
=005  20230330162518.0
=007  cr||||||||||||
=007  ta
=008  140918s1993\\\\xx#|||||\|||||000|1|nob|d
=020  \\$a8205218358
=082  74$a813 $qNO-OsNB$24/nor
=100  1\$aMcCarthy, Cormac$d1933-2023$0(NO-TrBIB)90348328$1http://viaf.org/viaf/29558386$4http://rdaregistry.info/Elements/w/object/P10061
=240  10$aAll the pretty horses$kNovel$1http://viaf.org/viaf/214001528
=245  10$aGrensetrilogien$n1$pAlle de vakre hestene
=246  1\$aAll the pretty horses$iOriginaltittel
=260  \\$aOslo$bGyldendal$c1993
=300  \\$a285 s.
=336  \\$atext$2rdacontent$0http://rdaregistry.info/termList/RDAContentType/1020
=337  \\$aunmediated$2rdamedia$0http://rdaregistry.info/termList/RDAMediaType/1007
=338  \\$avolume$2rdacarrier$0http://rdaregistry.info/termList/RDACarrierType/1049
=773  08$iInkludert i$aMcCarthy, Cormac, 1933-$tGrensetrilogien$dOslo : Gyldendal, 1993-1999$g1$w999321888264702201
=700  1\$aOfstad, Knut$4trl$1http://viaf.org/viaf/225596267$4http://rdaregistry.info/Elements/e/object/P20037

