=LDR  01086cam a2200265 c 4500
=001  999507272374702202
=003  BIBSYS
=005  20230331114636.0
=007  cr||||||||||||
=007  ta
=008  141113s1995\\\\xx\|||||\|||||000|1|nob|d
=020  \\$a8205229740$qGyldendal
=020  \\$a8257410977$qNye bøker
=060  \4$aP
=082  74$a813$qNO-OsNB$24/nor
=100  1\$aMcCarthy, Cormac$d1933-2023$0(NO-TrBIB)90348328$1http://viaf.org/viaf/29558386$4http://rdaregistry.info/Elements/w/object/P10061
=240  14$aThe crossing$kNovel$1http://viaf.org/viaf/309357400
=245  10$aGrensetrilogien$n2$pOver grensen
=246  1\$aThe crossing$iOriginaltittel
=260  \\$aOslo$bGyldendal$c1995
=300  \\$a396 s.
=336  \\$atext$2rdacontent$0http://rdaregistry.info/termList/RDAContentType/1020
=337  \\$aunmediated$2rdamedia$0http://rdaregistry.info/termList/RDAMediaType/1007
=338  \\$avolume$2rdacarrier$0http://rdaregistry.info/termList/RDACarrierType/1049
=773  08$iInkludert i$aMcCarthy, Cormac, 1933-$tGrensetrilogien$dOslo : Gyldendal, 1993-1999$g2$w999321888264702201
=700  1\$aOfstad, Knut$4trl$1http://viaf.org/viaf/225596267$4http://rdaregistry.info/Elements/e/object/P20037

