=LDR  01260cam a2200289 c 4500
=001  999616207814702202
=003  BIBSYS
=005  20230401050852.0
=007  cr||||||||||||
=007  ta
=008  121101s1996\\\\no#|||||\|||||000|1|nob|\
=020  \\$a8205244731$qh.
=020  \\$qh.
=082  74$a813$qNO-OsNB$24/nor
=100  1\$aMcCarthy, Cormac$d1933-2023$0(NO-TrBIB)90348328$1http://viaf.org/viaf/29558386$4http://rdaregistry.info/Elements/w/object/P10061
=240  10$aAll the pretty horses$kNovel$1http://viaf.org/viaf/214001528
=245  10$aGrensetrilogien$nB. 1$pAlle de vakre hestene
=246  1\$aAll the pretty horses$iOriginaltittel
=250  \\$a2. utg.
=260  \\$aOslo$bGyldendal$c1996
=300  \\$a285 s.
=336  \\$atext$2rdacontent$0http://rdaregistry.info/termList/RDAContentType/1020
=337  \\$aunmediated$2rdamedia$0http://rdaregistry.info/termList/RDAMediaType/1007
=338  \\$avolume$2rdacarrier$0http://rdaregistry.info/termList/RDACarrierType/1049
=500  \\$a1. norske utg. 1993
=700  1\$aOfstad, Knut$4trl$1http://viaf.org/viaf/225596267$4http://rdaregistry.info/Elements/e/object/P20037
=773  08$iInkludert i$aMcCarthy, Cormac, 1933-$tGrensetrilogien$b2. utg.$dOslo : Gyldendal, 1996-    .$gB. 1$w999616207224702201

