=LDR  00796cam a2200205 c 4500
=001  999909094334702202
=003  BIBSYS
=005  20230401172734.0
=007  cr||||||||||||
=007  ta
=008  111021s1999\\\\xx#|||||\|||||000|1|nob|\
=020  \\$a8205257027
=082  74$a813 $qNO-OsNB$24/nor
=100  1\$aMcCarthy, Cormac$d1933-2023$0(NO-TrBIB)90348328$1http://viaf.org/viaf/29558386$4http://rdaregistry.info/Elements/w/object/P10061
=240  14$aCities of the plain$kNovel$1http://viaf.org/viaf/3417153653286155900001
=245  10$aGrensetrilogien$nB. 3$pByene på høysletten
=246  1\$aCities of the plain$iOriginaltittel
=260  \\$aOslo$bGyldendal$c1999
=300  \\$a266 s.
=336  \\$atext$2rdacontent$0http://rdaregistry.info/termList/RDAContentType/1020
=337  \\$aunmediated$2rdamedia$0http://rdaregistry.info/termList/RDAMediaType/1007
=338  \\$avolume$2rdacarrier$0http://rdaregistry.info/termList/RDACarrierType/1049
=773  08$iInkludert i$aMcCarthy, Cormac, 1933-$tGrensetrilogien$dOslo : Gyldendal, 1993-1999$gB. 3$w999321888264702201
=700  1\$aOfstad, Knut$4trl$1http://viaf.org/viaf/225596267$4http://rdaregistry.info/Elements/e/object/P20037

