=LDR  01870cgm a2200421 c 4500
=001  999919962104602202
=003  BIBSYS
=005  20230105135604.0
=007  vd#|v||||
=008  140811s2007\\\\xx\|||||||||||\\\\v|eng|d
=024  3\$a7332431029293
=082  04$a810s$221
=083  0\$a791.43s$221
=130  0\$a$aNo country for old men$kMovie$1https://www.imdb.com/title/tt0477348
=245  00$aNo country for old men$cen film fra Coen brødrene$h[videoopptak]
=260  \\$a[Oslo]$bParamount Home Entertainment (Norway)$ccop. 2007
=300  \\$a1 videoplate (DVD-video) (117 min)$blyd, kol.
=336  \\$atwo-dimensional moving image$2rdacontent$0http://rdaregistry.info/termList/RDAContentType/1023
=337  \\$aaudio$2rdamedia$0http://rdaregistry.info/termList/RDAMediaType/1008
=338  \\$avideo disc$2rdacarrier$0http://rdaregistry.info/termList/RDACarrierType/1060
=490  1\$aS film
=500  \\$aAldersgrense: 15 år
=500  \\$aBygger på: No county for old men / Cormac McCarthy
=500  \\$aEkstramateriale
=500  \\$aEngelsk tale; norske undertekster valgbare
=500  \\$aMedietilsynet : 123717
=500  \\$aNO1136326
=500  \\$aProduksjon: USA : Paramount Vantage/Miramax Films, 2007
=500  \\$aRolleliste: Javier Bardem, Tommy Lee Jones, Josh Brolin
=500  \\$aThriller
=700  1\$aBardem, Javier$d1969-$0(NO-TrBIB)1016701$4act$1https://isni.org/isni/0000000121413793$4http://rdaregistry.info/Elements/e/object/P20012
=700  1\$aBrolin, Josh$d1968-$0(NO-TrBIB)8048461$4act$1https://isni.org/isni/0000000109217300$4http://rdaregistry.info/Elements/e/object/P20012
=700  1\$aCoen, Ethan$d1957-$0(NO-TrBIB)90809840$4pro$4drt$4aus$1https://isni.org/isni/0000000121417460$efilm producer$4http://rdaregistry.info/Elements/w/object/P10013$escreenwriter$4http://rdaregistry.info/Elements/w/object/P10073$4http://rdaregistry.info/Elements/w/object/P10203
=700  1\$aCoen, Joel$d1954-$0(NO-TrBIB)90809839$4pro$4drt$4aus$1https://isni.org/isni/0000000120296767$4$4http://rdaregistry.info/Elements/w/object/P10013$4http://rdaregistry.info/Elements/w/object/P10073$4http://rdaregistry.info/Elements/w/object/P10203
=700  1\$aJones, Tommy Lee$d1946-$0(NO-TrBIB)98014251$4act$1https://isni.org/isni/000000010921736X$4http://rdaregistry.info/Elements/e/object/P20012
=758  10$aNo country for old men$1http://viaf.org/viaf/214012164$4http://rdaregistry.info/Elements/w/object/P10129
=830  \0$aS film

