=LDR  01732cgm a2200373 c 4500
=001  999920049602702202
=003  BIBSYS
=005  20200709101153.0
=007  vd#|v||||
=008  150202s2009\\\\xx\|||||||||||q\\\v|eng|d
=082  04$a791.4372$223$qNoOU
=130  0\$aThe Road$kMovie$1https://www.imdb.com/title/tt0898367
=245  04$aThe Road$cregi: John Hillcoat$h[videoopptak]
=260  \\$a[S.l.]$bDimension Films$b2929 Productions$bScanbox Entertainment Denmark$c2009
=300  \\$a1 plate (DVD-video) (111 min)$blyd, kol.
=336  \\$atwo-dimensional moving image$2rdacontent$0http://rdaregistry.info/termList/RDAContentType/1023
=337  \\$aaudio$2rdamedia$0http://rdaregistry.info/termList/RDAMediaType/1008
=338  \\$avideo disc$2rdacarrier$0http://rdaregistry.info/termList/RDACarrierType/1060
=500  \\$aBasert på: The road / Cormac McCarthy
=500  \\$aDrama/thriller
=500  \\$aEngelsk tale; danske, norske, islandske, svenske og finske undertekster valgbare
=500  \\$aInneholder ekstramateriell
=500  \\$aMedietilsynet : 150489
=500  \\$aNOS9860SV
=511  1\$aViggo Mortensen, Kodi Smit-McPhee, Robert Duvall, Charlize Theron m.fl.
=521  \\$aAldersgrense 15 år
=600  1\$tThe road
=700  1\$aDuvall, Robert$d1931-$0(NO-TrBIB)90924709$4act$1https://isni.org/isni/0000000114558548$4http://rdaregistry.info/Elements/e/object/P20012
=700  1\$aHillcoat, John$d1961-$0(NO-TrBIB)7006925$4drt$1https://isni.org/isni/0000000108589241$4http://rdaregistry.info/Elements/w/object/P10013
=700  1\$aMortensen, Viggo$d1958-$0(NO-TrBIB)90257820$4act$1https://isni.org/isni/0000000110296296$4http://rdaregistry.info/Elements/e/object/P20012
=700  1\$aSmit-McPhee, Kodi$d1996-$0(NO-TrBIB)10065593$4act$1https://isni.org/isni/0000000114563013$4http://rdaregistry.info/Elements/e/object/P20012
=700  1\$aTheron, Charlize$d1975-$0(NO-TrBIB)1006566$4act$1https://isni.org/isni/0000000114973899$4http://rdaregistry.info/Elements/e/object/P20012
=758  10$aThe road$1http://viaf.org/viaf/220031159$4http://rdaregistry.info/Elements/w/object/P10129

