=LDR  00815cam a2200205 c 4500
=001  999920096682602202
=003  BIBSYS
=005  20230306142124.0
=007  ta
=008  141203s2010\\\\xx#|||||||||||000|f|eng|d
=020  \\$a9780330513005$qh.
=080  \\$a820(73)
=100  1\$aMcCarthy, Cormac$d1933-2023$0(NO-TrBIB)90348328$1http://viaf.org/viaf/29558386$4http://rdaregistry.info/Elements/w/object/P10061
=240  14$aThe road$lNorsk$kNovel$1http://viaf.org/viaf/220031159
=245  14$aThe road$cCormac McCarthy
=260  \\$aLondon$bPicador$c2010
=300  \\$a306 s.
=336  \\$atext$2rdacontent$0http://rdaregistry.info/termList/RDAContentType/1020
=337  \\$aunmediated$2rdamedia$0http://rdaregistry.info/termList/RDAMediaType/1007
=338  \\$avolume$2rdacarrier$0http://rdaregistry.info/termList/RDACarrierType/1049

