=LDR  01676cgm a2200397 c 4500
=001  999920130503302202
=003  BIBSYS
=005  20210422140005.0
=007  vd#|v||||
=008  131114s2005\\\\xx\|||||||||||\\\\v|mul|d
=024  30$a5050582404920
=041  \\$aeng$anob
=082  04$a810s$221
=083  0\$a791.43f$221
=130  10$aAll the pretty horses$kMovie$1https://www.imdb.com/title/tt0149624
=245  00$aAll the pretty horses$cdirected by Billy Bob Thornton ; produced by Robert Salerno and Billy Bob Thornton$h[videoopptak]
=260  \\$aLondon$bSPHE$c2005
=300  \\$a1 plate (DVD-video) (1 t. 52 min)$blyd, kol.
=336  \\$atwo-dimensional moving image$2rdacontent$0http://rdaregistry.info/termList/RDAContentType/1023
=337  \\$aaudio$2rdamedia$0http://rdaregistry.info/termList/RDAMediaType/1008
=338  \\$avideo disc$2rdacarrier$0http://rdaregistry.info/termList/RDACarrierType/1060
=500  \\$aDrama.
=500  \\$aEkstramateriale: trailere, filmografier
=500  \\$aEngelsk tale, norsk tekst.
=500  \\$aFilmen bygger på en roman av Cormac McCarthy.
=500  \\$aKodet for region 2
=500  \\$aNorsk tittel: Alle de vakre hestene
=500  \\$aProduksjon: USA : Columbia/Miramax, 2000.
=500  \\$aRolleliste: Matt Damon, Henry Thomas, Penelope Cruz.
=500  \\$aWidescreen.
=700  1\$aCruz, Penélope$d1974-$0(NO-TrBIB)1081340$1https://isni.org/isni/0000000109011804$4http://rdaregistry.info/Elements/e/object/P20012
=700  1\$aDamon, Matt$d1970-$0(NO-TrBIB)99009373$1https://isni.org/isni/000000012142082X$4http://rdaregistry.info/Elements/e/object/P20012
=700  1\$aThomas, Henry$d1971-$0(NO-TrBIB)1081341$1https://isni.org/isni/0000000108854789$4http://rdaregistry.info/Elements/e/object/P20012
=700  1\$aThornton, Billy Bob$d1955-$0(NO-TrBIB)98079481$1https://isni.org/isni/0000000120961536$4http://rdaregistry.info/Elements/w/object/P10013$4http://rdaregistry.info/Elements/w/object/P10073
=700  1\$aSalerno, Robert$1https://isni.org/isni/0000000042755920$4http://rdaregistry.info/Elements/w/object/P10073
=700  12$aMcCarthy, Cormac$d1933-2023$tAll the pretty horses$0(NO-TrBIB)90348328
=740  0\$aAlle de vakre hestene
=758  \\$aAlle de vakre hestene$1$1http://viaf.org/viaf/214001528$4http://rdaregistry.info/Elements/w/object/P10129

