=LDR  02032cam a2200277 c 4500
=001  999920323910002202
=003  BIBSYS
=005  20230602063207.0
=007  ta
=008  220420s2022\\\\no\\\\\e\||||||0|\1\nob|\
=020  \\$a9788205577015$cNkr 429.00$qinnbundet
=041  1\$anob$heng
=082  04$a813.54$qNO-OsBA$223/nor
=100  1\$aMcCarthy, Cormac$d1933-2023$0(NO-TrBIB)90348328$4aut$1http://viaf.org/viaf/29558386$4http://rdaregistry.info/Elements/w/object/P10061
=240  14$aThe passenger$kNovel$1http://viaf.org/viaf/470166838899836200007
=245  10$aPassasjeren$cCormac McCarthy ; oversatt fra engelsk av Knut Ofstad
=264  \1$aOslo$bGyldendal$c[2022]
=300  \\$a405 sider
=336  \\$atekst$0http://rdaregistry.info/termList/RDAContentType/1020$2rdaco
=337  \\$auformidlet$0http://rdaregistry.info/termList/RDAMediaType/1007$2rdamt
=338  \\$abind$0http://rdaregistry.info/termList/RDACarrierType/1049$2rdact
=520  \\$aMississippi, 1980: Klokken tre om natten ikler Bobby Western seg våtdrakt og dykker ned i et mørkt hav. I et styrtet fly på havbunnen ser han ni døde passasjerer fastspent i setene, med flytende hår og tomme blikk. Den tiende passasjeren og flyets svarte boks er borte. Etter dette hjemsøkes Bobby Western av politimenn og myndigheter, av spøkelset etter faren som var med på oppfinnelsen av atombomben, og ikke minst av kjærligheten til søsteren som mistet forstanden. En av de største amerikanske forfatterne i vår tid, Cormac McCarthy, er endelig tilbake med en kompleks, dyp og elegant roman. Med Passasjeren leverer han nok et slagferdig epos om maskulinitet, krig, død, tap og skjønnhet. Boken utgis samtidig i Norge som i USA og England.
=536  \\$aKulturfond
=700  1\$aMcCarthy, Cormac$d1933-2023$tThe passenger$lNorsk$0(NO-TrBIB)90348328
=700  1\$aOfstad, Knut$4trl$1http://viaf.org/viaf/225596267$4http://rdaregistry.info/Elements/e/object/P20037
=700  1\$iOversettelse av:$aMcCarthy, Cormac$d1933-2023$tThe passenger$lEngelsk$0(NO-TrBIB)90348328

