=LDR  01320cam a2200277 c 4500
=001  999920324491102202
=003  BIBSYS
=005  20230603091454.0
=007  ta
=008  220506s2022\\\\no\\\\\e\||||||||\1|nob|\
=020  \\$a9788205577138$cNkr 229.00$qheftet
=041  1\$anob$heng
=082  04$a813.54$qNO-OsBA$223/nor
=100  1\$aMcCarthy, Cormac$d1933-2023$0(NO-TrBIB)90348328$4aut$1http://viaf.org/viaf/29558386$4http://rdaregistry.info/Elements/w/object/P10061
=240  10$aNo country for old men$kNovel$1http://viaf.org/viaf/214012164
=245  10$aIkke et land for gamle menn$cCormac McCarthy ; oversatt fra engelsk av Knut Ofstad
=250  \\$aNy utgave
=264  \1$aOslo$bGyldendal$c2022
=300  \\$a229 sider
=336  \\$atekst$0http://rdaregistry.info/termList/RDAContentType/1020$2rdaco
=337  \\$auformidlet$0http://rdaregistry.info/termList/RDAMediaType/1007$2rdamt
=338  \\$abind$0http://rdaregistry.info/termList/RDACarrierType/1049$2rdact
=500  \\$a1. norske utgave 2006
=700  1\$aMcCarthy, Cormac$d1933-2023$tNo country for old men$lNorsk$0(NO-TrBIB)90348328
=700  1\$aOfstad, Knut$4trl$1http://viaf.org/viaf/225596267$4http://rdaregistry.info/Elements/e/object/P20037
=700  1\$iOversettelse av:$aMcCarthy, Cormac$d1933-2023$tNo country for old men$lEngelsk$0(NO-TrBIB)90348328

