=LDR  01756cam a2200289 c 4500
=001  999920324491302202
=003  BIBSYS
=005  20230603091436.0
=007  ta
=008  220506s2022\\\\no\\\\\e\||||||||\1|nob|\
=020  \\$a9788205577121$cNkr 229.00$qheftet
=041  1\$anob$heng
=082  04$a813.54$qNO-OsBA$223/nor
=100  1\$aMcCarthy, Cormac$d1933-2023$0(NO-TrBIB)90348328$4aut$1http://viaf.org/viaf/29558386$4http://rdaregistry.info/Elements/w/object/P10061
=240  14$aThe road$lNorsk$kNovel$1http://viaf.org/viaf/220031159
=245  10$aVeien$cCormac McCarthy ; oversatt fra engelsk av Knut Ofstad
=250  \\$aNy utgave
=264  \1$aOslo$bGyldendal$c2022
=300  \\$a253 sider
=336  \\$atekst$0http://rdaregistry.info/termList/RDAContentType/1020$2rdaco
=337  \\$auformidlet$0http://rdaregistry.info/termList/RDAMediaType/1007$2rdamt
=338  \\$abind$0http://rdaregistry.info/termList/RDACarrierType/1049$2rdact
=500  \\$a1. norske utgave 2008
=520  \\$aVeien forteller om en reise i en fremtid uten håp. En far og en sønn går alene gjennom restene av et amerikansk landskap. Ingenting beveger seg, bortsett fra asken som flyr i vinden. Det er iskaldt, og det snør grå snø. Himmelen er mørk. Det er ti år siden verden brøt sammen. De går mot kysten, med bare en pistol å forsvare seg med mot de lovløse bandene langs veien. De har bare klærne de går i og litt frukt, men en stor hengivenhet og ømhet for hverandre..
=700  1\$aMcCarthy, Cormac$d1933-2023$tThe road$lNorsk$0(NO-TrBIB)90348328
=700  1\$aOfstad, Knut$4trl$1http://viaf.org/viaf/225596267$4http://rdaregistry.info/Elements/e/object/P20037
=700  1\$iOversettelse av:$aMcCarthy, Cormac$d1933-2023$tThe road$lEngelsk$0(NO-TrBIB)90348328

