=LDR  02011cam a2200313 c 4500
=001  999920324491502202
=003  BIBSYS
=005  20230603091434.0
=007  ta
=008  220506s2022\\\\no\\\\\e\||||||||\1|nob|\
=020  \\$a9788205577145$cNkr 229.00$qheftet
=041  1\$anob$heng
=082  04$a813.54$qNO-OsBA$223/nor
=100  1\$aMcCarthy, Cormac$d1933-2023$0(NO-TrBIB)90348328$4aut$1http://viaf.org/viaf/29558386$4http://rdaregistry.info/Elements/w/object/P10061
=240  10$aBlood meridian, or The evening redness in the west$kNovel$1http://viaf.org/viaf/191524645
=245  10$aBlodmeridianen, eller Aftenrøden i vest$cCormac McCarthy ; oversatt fra engelsk av Knut Ofstad
=250  \\$a2. utgave
=264  \1$aOslo$bGyldendal$c2022
=300  \\$a334 sider
=336  \\$atekst$0http://rdaregistry.info/termList/RDAContentType/1020$2rdaco
=337  \\$auformidlet$0http://rdaregistry.info/termList/RDAMediaType/1007$2rdamt
=338  \\$abind$0http://rdaregistry.info/termList/RDACarrierType/1049$2rdact
=500  \\$a1. norske utgave 2010
=520  \\$aRomanen utkom opprinnelig i 1985 og rammene er følgende: En tenåringsgutt rømmer hjemmefra og slår seg sammen med den morderiske banden Glanton-gjengen. Denne banden lever av å skalpere indianere og andre på den meksikansk-amerikanske grensen i 1849 og 1850. Skildringen av Glanton-gjengen og den demoniske John Joel Holden er bygget på faktiske personer og hendelser. Holden er en kaldblodig morder og fullstendig oppslukt av vold og konflikt. Den amerikanske litteraturviteren Harold Bloom har kalt Holden-skikkelsen "den mest skremmende skikkelsen i amerikansk litteratur".
=700  1\$aMcCarthy, Cormac$d1933-2023$tBlood meridian$lNorsk$0(NO-TrBIB)90348328
=700  1\$aOfstad, Knut$4trl$1http://viaf.org/viaf/225596267$4http://rdaregistry.info/Elements/e/object/P20037
=700  1\$iOversettelse av:$aMcCarthy, Cormac$d1933-2023$tBlood meridian$lEngelsk$0(NO-TrBIB)90348328
=740  0\$aAftenrøden i vest
=740  0\$aBlodmeridianen

