=LDR  02104cam a2200277 c 4500
=001  999920331590602202
=003  BIBSYS
=005  20230603091354.0
=007  ta
=008  220504s2022\\\\no\\\\\e\||||||||\1|nob|\
=020  \\$a9788205577046$cNkr 379.00$qinnbundet
=041  1\$anob$heng
=082  04$a813.54$qNO-OsBA$223/nor
=100  1\$aMcCarthy, Cormac$d1933-2023$0(NO-TrBIB)90348328$4aut$1http://viaf.org/viaf/29558386$4http://rdaregistry.info/Elements/w/object/P10061
=240  14$aStella Maris$kNovel$1http://viaf.org/viaf/470166838899836200007/stellamaris
=245  10$aStella Maris$cCormac McCarthy ; oversatt fra engelsk av Knut Ofstad
=264  \1$aOslo$bGyldendal$c[2022]
=300  \\$a217 sider
=336  \\$atekst$0http://rdaregistry.info/termList/RDAContentType/1020$2rdaco
=337  \\$auformidlet$0http://rdaregistry.info/termList/RDAMediaType/1007$2rdamt
=338  \\$abind$0http://rdaregistry.info/termList/RDACarrierType/1049$2rdact
=520  \\$a1972, Black River Falls, Wiscounsin. Alicia Western, tjue år gammel og med førti tusen dollar i en plastpose, ber om å bli innlagt på et sykehus. Hun holder på å ta en doktorgrad i matematikk ved University of Chicago, og er diagnostisert med paranoid schizofrreni. Hun vil ikke snakke om broren sin, Bobby. I stedet reflekterer hun over psykiske lidelser, og hvordan mennesker insisterer på én felles oppfatning av verden. Hun husker en barndom der hennes egen bestemor fryktet for henne da hun bare var syv år gammel. Hun drøfter skjæringspunktet mellom fysikk og filosofi, og hun introduserer hallusinasjonene bare hun kan se. Og hele tiden sørger hun over Bobby, som fortsatt ikke er helt død, og som ikke er helt hennes. «Stella Maris» bli kun fortalt gjennom transkripsjoner av Alicias terapitimer.
=700  1\$aMcCarthy, Cormac$d1933-2023$tStella Maris$lNorsk$0(NO-TrBIB)90348328
=700  1\$aOfstad, Knut$4trl$1http://viaf.org/viaf/225596267$4http://rdaregistry.info/Elements/e/object/P20037
=700  1\$iOversettelse av:$aMcCarthy, Cormac$d1933-2023$tStella Maris$lEngelsk$0(NO-TrBIB)90348328
=780  00$tPassasjeren

