=LDR  02266cam a2200337 c 4500
=001  999920417299902202
=003  BIBSYS
=005  20230719140816.0
=007  ta
=008  230504s2023\\\\no\\\\\e\||||||||\1|nob|\
=020  \\$a9788205586307$cNkr 229.00$qheftet
=041  1\$anob$heng
=082  04$a813.54$qNO-OsBA$223/nor
=100  1\$aMcCarthy, Cormac$d1933-2023$0(NO-TrBIB)90348328$4aut$1http://viaf.org/viaf/29558386$4http://rdaregistry.info/Elements/w/object/P10061
=240  14$aThe passenger$kNovel$1http://viaf.org/viaf/470166838899836200007
=245  10$aPassasjeren$cCormac McCarthy ; oversatt fra engelsk av Knut Ofstad
=250  \\$a2. utgave
=264  \1$a[Oslo]$bGyldendal$c2023
=300  \\$a405 sider
=336  \\$atekst$0http://rdaregistry.info/termList/RDAContentType/1020$2rdaco
=337  \\$auformidlet$0http://rdaregistry.info/termList/RDAMediaType/1007$2rdamt
=338  \\$abind$0http://rdaregistry.info/termList/RDACarrierType/1049$2rdact
=490  1\$aGyldendal pocket
=500  \\$a1. norske utgave (innbundet) 2022
=520  \\$aMississippi, 1980: Klokken tre om natten ikler Bobby Western seg våtdrakt og dykker ned i et mørkt hav. I et styrtet fly på havbunnen ser han ni døde passasjerer fastspent i setene, med flytende hår og tomme blikk. Den tiende passasjeren og flyets svarte boks er borte. Etter dette hjemsøkes Bobby Western av politimenn og myndigheter, av spøkelset etter faren som var med på oppfinnelsen av atombomben, og ikke minst av kjærligheten til søsteren som mistet forstanden. En av de største amerikanske forfatterne i vår tid, Cormac McCarthy, er endelig tilbake med en kompleks, dyp og elegant roman. Med Passasjeren leverer han nok et slagferdig epos om maskulinitet, krig, død, tap og skjønnhet. Boken utgis samtidig i Norge som i USA og England.
=662  \\$aUSA$bMississippi$0(NO-OsBA)1439085$2bibbi$9nno
=662  \\$aUSA$bMississippi$0(NO-OsBA)1439085$2bibbi$9nob
=700  1\$aMcCarthy, Cormac$d1933-2023$tThe passenger$lNorsk$0(NO-TrBIB)90348328
=700  1\$aOfstad, Knut$4trl$1http://viaf.org/viaf/225596267$4http://rdaregistry.info/Elements/e/object/P20037
=700  1\$iOversettelse av:$aMcCarthy, Cormac$d1933-2023$tThe passenger$lEngelsk$0(NO-TrBIB)90348328
=785  00$tStella Maris

