=LDR  02032cam a2200325 c 4500
=001  999920419701902202
=003  BIBSYS
=005  20230630060009.0
=007  ta
=008  230615s2023\\\\no\\\\\e\||||||0|\1\nob|\
=020  \\$a9788205576780$cNkr 199.00$qheftet
=041  1\$anob$heng
=082  04$a813.54$qNO-OsBA$223/nor
=100  1\$aMcCarthy, Cormac$d1933-2023$0(NO-TrBIB)90348328$4aut$1http://viaf.org/viaf/29558386$4http://rdaregistry.info/Elements/w/object/P10061
=240  10$aAll the pretty horses$kNovel$1http://viaf.org/viaf/214001528
=245  10$aAlle de vakre hestene$cCormac McCarthy ; oversatt fra engelsk av Knut Ofstad
=250  \\$a2. utgave
=264  \1$aOslo$bGyldendal$c2023
=300  \\$a299 sider
=336  \\$atekst$0http://rdaregistry.info/termList/RDAContentType/1020$2rdaco
=337  \\$auformidlet$0http://rdaregistry.info/termList/RDAMediaType/1007$2rdamt
=338  \\$abind$0http://rdaregistry.info/termList/RDACarrierType/1049$2rdact
=490  1\$aGrensetrilogien$v1
=500  \\$a1. norske utgave 1993
=520  \\$aDenne romanen er både en dannelsesroman og en western. Vi møter den seksten år gamle John Grady Cole på en ranch i West-Texas i 1949. Guttens bestefar er nettopp død. Faren er merket av krigen og bor i byen. Morens høyeste ønske er å komme seg ut av Texas for godt. John er for ung til å overta ranchen, og dermed er han stengt ute fra den eneste tilværelse han eri stand til å forestille seg. Sammen med vennen Lacey Rawlins drar han over grensen til Mexico og videre sørover. Her opplever han både idyll og komikk, men også blod.
=700  1\$aMcCarthy, Cormac$d1933-2023$tAll the pretty horses$lNorsk$0(NO-TrBIB)90348328
=700  1\$aOfstad, Knut$4trl$1http://viaf.org/viaf/225596267$4http://rdaregistry.info/Elements/e/object/P20037
=700  1\$iOversettelse av: $aMcCarthy, Cormac$d1933-2023$tAll the pretty horses$lEngelsk$0(NO-TrBIB)90348328
=785  00$tOver grensen
=800  1\$aMcCarthy, Cormac$d1933-2023$tThe border trilogy$lNorsk$v1$0(NO-TrBIB)90348328

