=LDR  01595cam a2200337 c 4500
=001  999920420800802202
=003  BIBSYS
=005  20230630060009.0
=007  ta
=008  230615s2023\\\\no\\\\\e\||||||0|\1\nob|\
=020  \\$a9788205576803$cNkr 199.00$qheftet
=041  1\$anob$heng
=082  04$a813.54$qNO-OsBA$223/nor
=100  1\$aMcCarthy, Cormac$d1933-2023$0(NO-TrBIB)90348328$4aut$1http://viaf.org/viaf/29558386$4http://rdaregistry.info/Elements/w/object/P10061
=240  14$aCities of the plain$kNovel$1http://viaf.org/viaf/3417153653286155900001
=245  10$aByene på høysletten$cCormac McCarthy ; oversatt fra engelsk av Knut Ofstad
=250  \\$any utgave
=264  \1$aOslo$bGyldendal$c2023
=300  \\$a266 sider
=336  \\$atekst$0http://rdaregistry.info/termList/RDAContentType/1020$2rdaco
=337  \\$auformidlet$0http://rdaregistry.info/termList/RDAMediaType/1007$2rdamt
=338  \\$abind$0http://rdaregistry.info/termList/RDACarrierType/1049$2rdact
=490  1\$aGrensetrilogien
=500  \\$a1. norske utgave 1999
=662  \\$aUSA$bNew Mexico$0(NO-OsBA)1439451$2bibbi$9nno
=662  \\$aUSA$bNew Mexico$0(NO-OsBA)1439451$2bibbi$9nob
=700  1\$aMcCarthy, Cormac$d1933-2023$tCities of the plain$lNorsk$0(NO-TrBIB)90348328
=700  1\$aOfstad, Knut$4trl$1http://viaf.org/viaf/225596267$4http://rdaregistry.info/Elements/e/object/P20037
=700  1\$iOversettelse av: $aMcCarthy, Cormac$d1933-2023$tCities of the plain$lEngelsk$0(NO-TrBIB)90348328
=780  00$tOver grensen
=800  1\$aMcCarthy, Cormac$d1933-2023$tThe border trilogy$lNorsk$0(NO-TrBIB)90348328

