=LDR  01097nam a22002775i 4500
=001  021219432
=003  Uk
=005  20230923021647.0
=006  m\\\\||\\d\|\\\\\\
=007  cr\|||||||||||
=008  230920s2012\\\\xxk||||go\\\\||||\||eng\\
=020  \\$a1447220706$qEPUB
=020  \\$a9781447220701$qEPUB
=037  \\$aPanMacmillan29310$bIngram Content Group
=100  1\$aMcCarthy, Cormac$eauthor$1http://viaf.org/viaf/29558386$4http://rdaregistry.info/Elements/w/object/P10061
=240  10$aAll the pretty horses$kNovel$1http://viaf.org/viaf/214001528
=245  10$aAll the Pretty Horses /$cCormac McCarthy.
=264  \1$aBasingstoke :$bPicador,$c2012.
=300  \\$a1 online resource (416 pages)
=336  \\$atext$2rdacontent
=337  \\$acomputer$2rdamedia
=338  \\$aonline resource$2rdacarrier
=336  \\$atext$2rdacontent$0http://rdaregistry.info/termList/RDAContentType/1020
=337  \\$acomputer$2rdamedia$0http://rdaregistry.info/termList/RDAMediaType/1003
=338  \\$aonline resource$2rdacarrier$0http://rdaregistry.info/termList/RDACarrierType/1018
=490  1\$aPicador Collection

