=LDR  01231pam a22003011i 4500
=001  020702897
=003  Uk
=005  20221125021337.0
=006  m\\\\||\\d\|\\\\\\
=007  cr\|||||||||||
=008  220616s2022\\\\enk\\\\\o\\\\\000|f|eng|d
=020  \\$a9781447245834 (ePub ebook) :$c£16.99
=020  \\$z9780330457422 (hbk.) :$c£20.00
=037  \\$aPanMacmillan32964$bIngram Content Group
=082  04$a813.54$223
=100  1\$aMcCarthy, Cormac,$d1933-2023,$eauthor.$1http://viaf.org/viaf/29558386$4http://rdaregistry.info/Elements/w/object/P10061
=240  14$aThe passenger$kNovel$1http://viaf.org/viaf/470166838899836200007
=245  14$aThe passenger /$cCormac McCarthy.
=264  \1$aLondon :$bPicador,$c2022.
=300  \\$a1 online resource.
=336  \\$atext$2rdacontent
=337  \\$acomputer$2rdamedia
=338  \\$aonline resource$2rdacarrier
=336  \\$atext$2rdacontent$0http://rdaregistry.info/termList/RDAContentType/1020
=337  \\$acomputer$2rdamedia$0http://rdaregistry.info/termList/RDAMediaType/1003
=338  \\$aonline resource$2rdacarrier$0http://rdaregistry.info/termList/RDACarrierType/1018
=588  \\$aDescription based on CIP data; resource not viewed.
=776  08$iPrint version :$z9780330457422

