=LDR  01381pam a22003371i 4500
=001  019364402
=003  Uk
=005  20210308141229.0
=006  m\\\\||\\d\|\\\\\\
=007  cr\|||||||||||
=008  190402s2019\\\\enk\\\\\o\\\\\000|f|eng|d
=020  \\$a9781529014587 (ebook) :$c£42.00
=020  \\$z9781509870639 (pbk.) :$c£8.99
=037  \\$aPanMacmillan84588$bIngram Content Group
=082  04$a813.54$223
=100  1\$aMcCarthy, Cormac,$d1933-2023,$eauthor.$1http://viaf.org/viaf/29558386$4http://rdaregistry.info/Elements/w/object/P10061
=240  14$aThe road$kNovel$1http://viaf.org/viaf/220031159
=245  14$aThe road /$cCormac McCarthy.
=250  \\$aNew edition /$bintroduction by John Banville.
=264  \1$aLondon :$bPicador,$c2019.
=300  \\$a1 online resource.
=336  \\$atext$2rdacontent
=337  \\$acomputer$2rdamedia
=338  \\$aonline resource$2rdacarrier
=336  \\$atext$2rdacontent$0http://rdaregistry.info/termList/RDAContentType/1020
=337  \\$acomputer$2rdamedia$0http://rdaregistry.info/termList/RDAMediaType/1003
=338  \\$aonline resource$2rdacarrier$0http://rdaregistry.info/termList/RDACarrierType/1018
=490  0\$aPicador classic
=500  \\$aPrevious edition: New York: Alfred A. Knopf; London: Picador, 2006.
=588  \\$aDescription based on CIP data; resource not viewed.
=776  08$iPrint version :$z9781509870639

