=LDR  01810pam a22003611i 4500
=001  018865137
=003  Uk
=005  20180716021618.0
=006  m\\\\||\\d\|\\\\\\
=007  cr\|||||||||||
=008  180309r20182002enk\\\\\o\\\\\000|f|eng|d
=020  \\$a9781509852031 (ePub ebook) :$c£12.99
=037  \\$aPanMacmillan76615$bIngram Content Group
=082  04$a813.54$223
=100  1\$aMcCarthy, Cormac,$d1933-2023,$eauthor.$1http://viaf.org/viaf/29558386$4http://rdaregistry.info/Elements/w/object/P10061
=240  14$aThe border trilogy$kNovel collection$1http://viaf.org/viaf/175871715$8p
=740  14$aThe border trilogy$8p
=245  14$aThe border trilogy /$cCormac McCarthy.
=264  \1$aLondon :$bPicador,$c2018.
=300  \\$a1 online resource.
=336  \\$atext$2rdacontent
=337  \\$acomputer$2rdamedia
=338  \\$aonline resource$2rdacarrier
=336  \\$atext$2rdacontent$0http://rdaregistry.info/termList/RDAContentType/1020
=337  \\$acomputer$2rdamedia$0http://rdaregistry.info/termList/RDAMediaType/1003
=338  \\$aonline resource$2rdacarrier$0http://rdaregistry.info/termList/RDACarrierType/1018
=490  0\$aPicador classic
=500  \\$aPreviously issued in print: 2002.
=505  0\$aAll the pretty horses -- The crossing -- Cities of the plain
=588  \\$aDescription based on CIP data; resource not viewed.
=700  12$aMcCarthy, Cormac,$d1933-2023.$tAll the pretty horses.$1http://viaf.org/viaf/214001528
=700  12$aMcCarthy, Cormac,$d1933-2023.$tCities of the plain.$1http://viaf.org/viaf/3417153653286155900001
=700  12$aMcCarthy, Cormac,$d1933-2023.$tThe crossing.$1http://viaf.org/viaf/309357400
=776  08$iPrint version :$z9780330334617

