=LDR  01531aam a22003491i 4500
=001  018253954
=003  Uk
=005  20190208202919.0
=006  m\\\\||\\d\|\\\\\\
=007  cr\|||||||||||
=008  170307s2013\\\\xxk||||go\\\\||||\||eng\\
=020  \\$a1447267842$qEPUB
=020  \\$a9781447267843$qEPUB
=037  \\$aPanMacmillan35265$bIngram Content Group
=082  04$a813.54$221
=100  1\$aMcCarthy, Cormac,$d1933-2023.$1http://viaf.org/viaf/29558386$4http://rdaregistry.info/Elements/w/object/P10061
=240  14$aThe border trilogy$kNovel collection$1http://viaf.org/viaf/175871715
=245  14$aThe border trilogy /$cCormac McCarthy.
=264  \1$aLondon :$bPicador,$c2013.
=300  \\$a1 online resource (924 pages).
=336  \\$atext$2rdacontent
=337  \\$acomputer$2rdamedia
=336  \\$atext$2rdacontent$0http://rdaregistry.info/termList/RDAContentType/1020
=337  \\$acomputer$2rdamedia$0http://rdaregistry.info/termList/RDAMediaType/1003
=338  \\$aonline resource$2rdacarrier$0http://rdaregistry.info/termList/RDACarrierType/1018
=338  \\$aonline resource$2rdacarrier
=490  1\$aBorder Trilogy
=505  0\$aAll the pretty horses -- The crossing -- Cities of the plain
=700  12$aMcCarthy, Cormac,$d1933-2023.$tAll the pretty horses.$1http://viaf.org/viaf/214001528
=700  12$aMcCarthy, Cormac,$d1933-2023.$tCities of the plain.$1http://viaf.org/viaf/3417153653286155900001
=700  12$aMcCarthy, Cormac,$d1933-2023.$tThe crossing.$1http://viaf.org/viaf/309357400
=830  \0$aBorder Trilogy.

