=LDR  01052aam a22002771i 4500
=001  018191467
=003  Uk
=005  20190208202800.0
=006  m\\\\||\\d\|\\\\\\
=007  cr\|||||||||||
=008  170124s2010\\\\xxk||||go\\\\||||\||eng\\
=020  \\$a0330503820$qEPUB
=020  \\$a9780330503822$qEPUB
=037  \\$aPanMacmillan19120$bIngram Content Group
=082  04$a813.54$222
=100  1\$aMcCarthy, Cormac,$d1933-2023.$1http://viaf.org/viaf/29558386$4http://rdaregistry.info/Elements/w/object/P10061
=240  14$aThe road$kNovel$1http://viaf.org/viaf/220031159
=245  14$aThe road /$cCormac McCarthy.
=264  \1$aLondon :$bPicador,$c2010.
=300  \\$a1 online resource.
=336  \\$atext$2rdacontent
=337  \\$acomputer$2rdamedia
=338  \\$aonline resource$2rdacarrier
=336  \\$atext$2rdacontent$0http://rdaregistry.info/termList/RDAContentType/1020
=337  \\$acomputer$2rdamedia$0http://rdaregistry.info/termList/RDAMediaType/1003
=338  \\$aonline resource$2rdacarrier$0http://rdaregistry.info/termList/RDACarrierType/1018

