=LDR  01125aam a22002771i 4500
=001  018187163
=003  Uk
=005  20190208202747.0
=006  m\\\\||\\d\|\\\\\\
=007  cr\|||||||||||
=008  170120s2011\\\\xxk||||go\\\\||||\||eng\\
=020  \\$a0330535757$qEPUB
=020  \\$a9780330535755$qEPUB
=037  \\$aPanMacmillan24469$bIngram Content Group
=082  04$a813.54$222
=100  1\$aMcCarthy, Cormac,$d1933-2023.$1http://viaf.org/viaf/29558386$4http://rdaregistry.info/Elements/w/object/P10061
=240  14$aThe Sunset Limited$kNovel$1http://viaf.org/viaf/4440159478236227990002
=245  14$aThe Sunset Limited :$ba novel in dramatic form /$cCormac McCarthy.
=264  \1$aLondon :$bPicador,$c2011.
=300  \\$a1 online resource (160 pages).
=336  \\$atext$2rdacontent
=337  \\$acomputer$2rdamedia
=338  \\$aonline resource$2rdacarrier
=336  \\$atext$2rdacontent$0http://rdaregistry.info/termList/RDAContentType/1020
=337  \\$acomputer$2rdamedia$0http://rdaregistry.info/termList/RDAMediaType/1003
=338  \\$aonline resource$2rdacarrier$0http://rdaregistry.info/termList/RDACarrierType/1018

