=LDR  01114aam a22002771i 4500
=001  018186436
=003  Uk
=005  20190208202739.0
=006  m\\\\||\\d\|\\\\\\
=007  cr\|||||||||||
=008  170119s2013\\\\xxk||||go\\\\||||\||eng\\
=020  \\$a1447227670$qEPUB
=020  \\$a9781447227670$qEPUB
=037  \\$aPanMacmillan30364$bIngram Content Group
=082  04$a812.54$223
=100  1\$aMcCarthy, Cormac,$d1933-2023,$eauthor.$1http://viaf.org/viaf/29558386$4http://rdaregistry.info/Elements/w/object/P10061
=240  14$aThe counselor$kScreenplay$1http://viaf.org/viaf/29558386/counselor
=245  14$aThe counselor :$ba screenplay /$cCormac McCarthy.
=264  \1$aLondon :$bPicador,$c2013.
=300  \\$a1 online resource (160 pages).
=336  \\$atext$2rdacontent
=337  \\$acomputer$2rdamedia
=338  \\$aonline resource$2rdacarrier@
=336  \\$atext$2rdacontent$0http://rdaregistry.info/termList/RDAContentType/1020
=337  \\$acomputer$2rdamedia$0http://rdaregistry.info/termList/RDAMediaType/1003
=338  \\$aonline resource$2rdacarrier$0http://rdaregistry.info/termList/RDACarrierType/1018

