=LDR  01121aam a22002891i 4500
=001  018179265
=003  Uk
=005  20190208202711.0
=006  m\\\\||\\d\|\\\\\\
=007  cr\|||||||||||
=008  170112s2010\\\\xxk||||go\\\\||||\||eng\\
=020  \\$a0330474677$qEPUB
=020  \\$a9780330474672$qEPUB
=037  \\$aPanMacmillan18323$bIngram Content Group
=082  04$a813.54$222
=100  1\$aMcCarthy, Cormac,$d1933-2023.$1http://viaf.org/viaf/29558386$4http://rdaregistry.info/Elements/w/object/P10061
=240  10$aAll the pretty horses$kNovel$1http://viaf.org/viaf/214001528
=245  10$aAll the pretty horses /$cCormac McCarthy.
=264  \1$aLondon :$bPicador,$c2010.
=300  \\$a1 online resource.
=336  \\$atext$2rdacontent
=337  \\$acomputer$2rdamedia
=338  \\$aonline resource$2rdacarrier
=336  \\$atext$2rdacontent$0http://rdaregistry.info/termList/RDAContentType/1020
=337  \\$acomputer$2rdamedia$0http://rdaregistry.info/termList/RDAMediaType/1003
=338  \\$aonline resource$2rdacarrier$0http://rdaregistry.info/termList/RDACarrierType/1018
=490  0\$aThe Border trilogy ;$vv. 1

