=LDR  01579aam a22003851i 4500
=001  017972032
=003  Uk
=005  20160812024303.0
=006  m\\\\||\\d\|\\\\\\
=007  cr\|||||||||||
=008  140522t20092009enk\\\\\o\\\\\000\1\eng\d
=020  \\$a1408138719$q(electronic bk.)
=020  \\$a1408138727$q(electronic bk.)
=020  \\$a9781408138717$q(electronic bk.)
=020  \\$a9781408138724$q(electronic bk.)
=020  \\$z9781408127421
=037  \\$a9781408138717$bCodeMantra
=082  04$a891.733$223
=100  1\$aPenhall, Joe,$eauthor.$1http://viaf.org/viaf/5191807$4http://rdaregistry.info/Elements/w/object/P10061
=240  14$aThe road$kScreenplay$1http://viaf.org/viaf/5191807/theroad
=245  14$aThe road /$cJoe Penhall ; based on the novel by Cormac McCarthy.
=264  \1$aLondon [England] ;$aNew York, New York :$bBloomsbury,$c2009.
=264  \4$c©2009.
=300  \\$a1 online resource (107 pages).
=336  \\$atext$2rdacontent
=337  \\$acomputer$2rdamedia
=338  \\$aonline resource$2rdacarrier
=336  \\$atext$2rdacontent$0http://rdaregistry.info/termList/RDAContentType/1020
=337  \\$acomputer$2rdamedia$0http://rdaregistry.info/termList/RDAMediaType/1003
=338  \\$aonline resource$2rdacarrier$0http://rdaregistry.info/termList/RDACarrierType/1018
=490  0\$aMethuen/drama
=588  0\$aPrint version record.
=600  10$aMcCarthy, Cormac,$d1933-2023.$tRoad.
=700  1\$aMcCarthy, Cormac,$d1933-2023,$eauthor.
=758  \\$aThe road$1http://viaf.org/viaf/220031159$4http://rdaregistry.info/Elements/w/object/P10134

