=LDR  01516aam a22003491i 4500
=001  017949238
=003  Uk
=005  20190625163840.0
=006  m\\\\||\\d\|\\\\\\
=007  cr\|||||||||||
=008  160728s2013\\\\xxk|||||o\\\\||||\||eng\\
=020  \\$a1472539354$qElectronic book (EPUB format)
=020  \\$a9781472539359$qElectronic book (EPUB format)
=037  \\$a9781472539359$bCodeMantra
=082  04$a822.914$223
=100  1\$aPenhall, Joe.$1http://viaf.org/viaf/5191807$4http://rdaregistry.info/Elements/w/object/P10061
=240  14$aThe road$1http://viaf.org/viaf/5191807/theroad
=245  14$aThe road :$bbased on the novel by Cormac McCarthy /$cJoe Penhall ; activities by Paul Bunyan and Ruth Moore.
=264  \1$aLondon :$bBloomsbury Methuen Drama,$c2013, copyright 2013.
=300  \\$a1 online resource (144 pages).
=336  \\$atext$2rdacontent
=337  \\$acomputer$2rdamedia
=338  \\$aonline resource$2rdacarrier
=336  \\$atext$2rdacontent$0http://rdaregistry.info/termList/RDAContentType/1020
=337  \\$acomputer$2rdamedia$0http://rdaregistry.info/termList/RDAMediaType/1003
=338  \\$aonline resource$2rdacarrier$0http://rdaregistry.info/termList/RDACarrierType/1018
=490  0\$aMethuen Drama's critical scripts series
=630  00$aRoad (Motion picture)
=700  1\$aBunyan, Paul.
=700  1\$aMcCarthy, Cormac,$d1933-2023.$tRoad.
=700  1\$aMoore, Ruth,$d1968-
=758  \\$aThe road$1http://viaf.org/viaf/220031159$4http://rdaregistry.info/Elements/w/object/P10134

