=LDR  01531pam a22003491i 4500
=001  017382690
=003  Uk
=005  20170114020919.0
=006  m\\\\||\\d\|\\\\\\
=007  cr\|||||||||||
=008  150415s2015\\\\enk\\\\\o\\\\\000|f|eng|d
=020  \\$a9781447289463 (ePub ebook) :$c£6.99
=020  \\$z9781447289456 (pbk.) :$c£8.99
=037  \\$aPanMacmillan68024$bIngram Content Group
=082  04$a813.54$223
=100  1\$aMcCarthy, Cormac,$d1933-2023,$eauthor.$1http://viaf.org/viaf/29558386$4http://rdaregistry.info/Elements/w/object/P10061
=240  10$aBlood meridian, or The evening redness in the west$kNovel$1http://viaf.org/viaf/191524645
=245  10$aBlood meridian /$cCormac McCarthy.
=250  \\$aNew edition /$bintroduction by Philipp Meyer.
=264  \1$aLondon :$bPicador,$c2015.
=300  \\$a1 online resource.
=336  \\$atext$2rdacontent
=337  \\$acomputer$2rdamedia
=338  \\$aonline resource$2rdacarrier
=336  \\$atext$2rdacontent$0http://rdaregistry.info/termList/RDAContentType/1020
=337  \\$acomputer$2rdamedia$0http://rdaregistry.info/termList/RDAMediaType/1003
=338  \\$aonline resource$2rdacarrier$0http://rdaregistry.info/termList/RDACarrierType/1018
=490  0\$aPicador classic
=500  \\$aPrevious edition: published as Blood meridian, or, The evening redness in the West. New York: Random House, 1985.
=588  \\$aDescription based on CIP data; item not viewed.
=700  1\$aMeyer, Philipp,$ewriter of introduction.
=776  08$iPrint version:$z9781447289456

