=LDR  01389pam a2200325 i 4500
=001  017380810
=003  Uk
=005  20160315083518.0
=008  150415s2015\\\\enk\\\\\\\\\\\000\1\eng\d
=016  7\$a017380810$2Uk
=020  \\$a9781447289456 (pbk.) :$c£8.99
=020  \\$z9781447289463 (ePub ebook) :$c£5.82
=082  04$a813.54$223
=100  1\$aMcCarthy, Cormac,$d1933-2023,$eauthor.$1http://viaf.org/viaf/29558386$4http://rdaregistry.info/Elements/w/object/P10061
=240  10$aBlood meridian, or The evening redness in the west$kNovel$1http://viaf.org/viaf/191524645
=245  10$aBlood meridian /$cCormac McCarthy.
=250  \\$aNew edition /$bintroduction by Philipp Meyer.
=264  \1$aLondon :$bPicador,$c2015.
=300  \\$axiv, 352 pages ;$c20 cm.
=336  \\$atext$2rdacontent
=337  \\$aunmediated$2rdamedia
=338  \\$avolume$2rdacarrier
=336  \\$atext$2rdacontent$0http://rdaregistry.info/termList/RDAContentType/1020
=337  \\$aunmediated$2rdamedia$0http://rdaregistry.info/termList/RDAMediaType/1007
=338  \\$avolume$2rdacarrier$0http://rdaregistry.info/termList/RDACarrierType/1049
=490  0\$aPicador classic
=500  \\$aFormerly CIP.$5Uk
=500  \\$aPrevious edition: published as Blood meridian, or, The evening redness in the West. New York: Random House, 1985.
=530  \\$aAlso issued online.
=776  08$iebook version :$z9781447289463

