=LDR  01260cam a22002777i 4500
=001  017034914
=003  Uk
=005  20150202013554.0
=006  m\\\\\\\\d\\\\\\\\
=007  cr\|||||||||||
=008  150202s1991\\\\xxk\\\\\obm\\\000\0\eng\\
=082  14$a624$215
=100  1\$aMcCarthy, Sean Cormac,$eauthor.$1http://viaf.org/viaf/seancormacmccarthy$4http://rdaregistry.info/Elements/w/object/P10061
=240  10$aBOT and OMT contracts for infrastructure in developing countries$kThesis$1http://viaf.org/viaf/seancormacmccarthy/thesis
=245  10$aBOT and OMT contracts for infrastructure in developing countries.
=264  \1$a[Great Britain] :$bUniversity of Birmingham,$c1991.
=300  \\$a1 online resource
=336  \\$atext$2rdacontent
=337  \\$acomputer$2rdamedia
=338  \\$aonline resource$2rdacarrier
=336  \\$atext$2rdacontent$0http://rdaregistry.info/termList/RDAContentType/1020
=337  \\$acomputer$2rdamedia$0http://rdaregistry.info/termList/RDAMediaType/1003
=338  \\$aonline resource$2rdacarrier$0http://rdaregistry.info/termList/RDACarrierType/1018
=502  \\$aThesis (Ph.D.)--University of Birmingham, 1991.
=504  \\$aIncludes bibliographical references.
=710  2\$aUniversity of Birmingham,$edegree granting institution.

