=LDR  01289pam a22003131i 4500
=001  016914643
=003  Uk
=005  20170115023436.0
=006  m\\\\||\\d\|\\\\\\
=007  cr\|||||||||||
=008  140808s2014\\\\enk\\\\\o|\\\\000|0|eng|d
=020  \\$a9781447273141 (ePub ebook) :$c£6.99
=020  \\$z9781447273134 (pbk.) :$c£8.99
=037  \\$aPanMacmillan65776$bIngram Content Group
=082  04$a791.4372$223
=100  1\$aMcCarthy, Cormac,$d1933-2023,$eauthor.$1http://viaf.org/viaf/29558386$4http://rdaregistry.info/Elements/w/object/P10061
=240  14$aThe gardener's son$kScreenplay$1http://viaf.org/viaf/29558386/gardenersson
=245  14$aThe gardener's son /$cCormac McCarthy.
=264  \1$aLondon :$bPicador,$c2014.
=300  \\$a1 online resource.
=336  \\$atext$2rdacontent
=337  \\$acomputer$2rdamedia
=338  \\$aonline resource$2rdacarrier
=336  \\$atext$2rdacontent$0http://rdaregistry.info/termList/RDAContentType/1020
=337  \\$acomputer$2rdamedia$0http://rdaregistry.info/termList/RDAMediaType/1003
=338  \\$aonline resource$2rdacarrier$0http://rdaregistry.info/termList/RDACarrierType/1018
=588  \\$aDescription based on CIP data; item not viewed.
=630  00$aGardener's son (Motion picture)
=776  08$iPrint version:$z9781447273134

