=LDR  01290pam a2200313 i 4500
=001  016885608
=003  Uk
=005  20160520140715.0
=008  140523r20141996enk\\\\\\\\\\\000\d\eng\d
=016  7\$a016885608$2Uk
=020  \\$a9781447273134 (pbk.) :$c£8.99
=020  \\$z9781447273141 (ePub ebook) :$c£5.82
=082  04$a791.4372$223
=100  1\$aMcCarthy, Cormac,$d1933-2023,$eauthor.$1http://viaf.org/viaf/29558386$4http://rdaregistry.info/Elements/w/object/P10061
=240  14$aThe gardener's son$kScreenplay$1http://viaf.org/viaf/29558386/gardenersson
=245  14$aThe gardener's son :$ba screenplay /$cCormac McCarthy.
=264  \1$aLondon :$bPicador,$c2014.
=300  \\$aix, 96 pages ;$c20 cm
=336  \\$atext$2rdacontent
=337  \\$aunmediated$2rdamedia
=338  \\$avolume$2rdacarrier
=336  \\$atext$2rdacontent$0http://rdaregistry.info/termList/RDAContentType/1020
=337  \\$aunmediated$2rdamedia$0http://rdaregistry.info/termList/RDAMediaType/1007
=338  \\$avolume$2rdacarrier$0http://rdaregistry.info/termList/RDACarrierType/1049
=500  \\$aFormerly CIP.$5Uk
=500  \\$aOriginally published: Hopewell, N.J. : Ecco Press, 1996.
=530  \\$aAlso issued online.
=630  00$aGardener's son (Motion picture)
=776  08$iebook version :$z9781447273141

