=LDR  01044pam a2200265 i 4500
=001  016683824
=003  Uk
=005  20160210095953.0
=008  140211r20141997enk\\\\\\\\\\\000\1\eng\d
=016  7\$a016683824$2Uk
=020  \\$a9781447272168 (pbk.) :$c£14.99
=082  04$a813.54$223
=100  1\$aMcCarthy, Cormac,$d1933-2023,$eauthor.$1http://viaf.org/viaf/29558386$4http://rdaregistry.info/Elements/w/object/P10061
=240  14$aThe stonemason$kPlay$1http://viaf.org/viaf/8419162723677961290005
=245  14$aThe stonemason /$cCormac McCarthy.
=264  \1$aLondon :$bPicador,$c2014.
=300  \\$a133 pages ;$c24 cm
=336  \\$atext$2rdacontent
=337  \\$aunmediated$2rdamedia
=338  \\$avolume$2rdacarrier
=336  \\$atext$2rdacontent$0http://rdaregistry.info/termList/RDAContentType/1020
=337  \\$aunmediated$2rdamedia$0http://rdaregistry.info/termList/RDAMediaType/1007
=338  \\$avolume$2rdacarrier$0http://rdaregistry.info/termList/RDACarrierType/1049
=500  \\$aFormerly CIP.$5Uk
=500  \\$aOriginally published: 1997.

