=LDR  01062pam a2200265 i 4500
=001  016419217
=003  Uk
=005  20140508162848.0
=008  130521s2013\\\\enk\\\\\\\\\\\000\d\eng\d
=016  7\$a016419217$2Uk
=020  \\$a9781447227632 (hardback) :$c£14.99
=020  \\$a9781447229803 (paperback)
=082  04$a812.54$223
=100  1\$aMcCarthy, Cormac,$d1933-2023,$eauthor.$1http://viaf.org/viaf/29558386$4http://rdaregistry.info/Elements/w/object/P10061
=240  14$aThe counselor$kScreenplay$1http://viaf.org/viaf/29558386/counselor
=245  14$aThe counselor :$ba screenplay /$cCormac McCarthy.
=264  \1$aLondon :$bPicador,$c2013.
=300  \\$a184 pages ;$c23 cm
=336  \\$atext$2rdacontent
=337  \\$aunmediated$2rdamedia
=338  \\$avolume$2rdacarrier
=336  \\$atext$2rdacontent$0http://rdaregistry.info/termList/RDAContentType/1020
=337  \\$aunmediated$2rdamedia$0http://rdaregistry.info/termList/RDAMediaType/1007
=338  \\$avolume$2rdacarrier$0http://rdaregistry.info/termList/RDACarrierType/1049
=500  \\$aFormerly CIP.$5Uk

