=LDR  01496pam a2200349 a 4500
=001  015685343
=003  Uk
=005  20190625163826.0
=008  101026s2011\\\\enk\\\\j\\\\\|000\d|eng|d
=016  7\$a015685343$2Uk
=020  \\$a1408134829 (pbk.) :$c£8.99
=020  \\$a9781408134825 (pbk.) :$c£8.99
=082  04$a822.914$223
=100  1\$aPenhall, Joe.$1http://viaf.org/viaf/5191807$4http://rdaregistry.info/Elements/w/object/P10061
=240  14$aThe road$1http://viaf.org/viaf/5191807/theroad
=245  14$aThe road :$bbased on the novel by Cormac McCarthy /$cJoe Penhall ; activities by Paul Bunyan and Ruth Moore.
=260  \\$aLondon :$bMethuen Drama,$c2011.
=300  \\$a139 p. ;$c20 cm.
=336  \\$atext$2rdacontent
=337  \\$aunmediated$2rdamedia
=338  \\$avolume$2rdacarrier
=336  \\$atext$2rdacontent$0http://rdaregistry.info/termList/RDAContentType/1020
=337  \\$aunmediated$2rdamedia$0http://rdaregistry.info/termList/RDAMediaType/1007
=338  \\$avolume$2rdacarrier$0http://rdaregistry.info/termList/RDACarrierType/1049
=490  0\$aMethuen Drama's critical scripts series
=500  \\$a"Critical scripts with teaching activities for Key Stage 3 and GCSE"--Front cover.
=500  \\$aFormerly CIP.$5Uk
=630  00$aRoad (Motion picture)
=700  1\$aBunyan, Paul.
=700  1\$aMcCarthy, Cormac,$d1933-2023.$tRoad.
=700  1\$aMoore, Ruth,$d1968-
=758  \\$aThe road$1http://viaf.org/viaf/220031159$4http://rdaregistry.info/Elements/w/object/P10134

