=LDR  00890pam a2200241 a 4500
=001  015643779
=003  Uk
=005  20121204143912.0
=008  100830r20112010enk\\\\\\\\\\\000\f\eng|d
=016  7\$a015643779$2Uk
=020  \\$a0330518194 (pbk.) :$c£7.99
=020  \\$a9780330518192 (pbk.) :$c£7.99
=082  04$a813.54$222
=100  1\$aMcCarthy, Cormac,$d1933-2023.$1http://viaf.org/viaf/29558386$4http://rdaregistry.info/Elements/w/object/P10061
=240  14$aThe Sunset Limited$kNovel$1http://viaf.org/viaf/4440159478236227990002
=245  14$aThe Sunset Limited :$ba novel in dramatic form /$cCormac McCarthy.
=260  \\$aLondon :$bPicador,$c2011.
=300  \\$a142 p. ;$c20 cm.
=336  \\$atext$2rdacontent
=337  \\$aunmediated$2rdamedia
=338  \\$avolume$2rdacarrier
=336  \\$atext$2rdacontent$0http://rdaregistry.info/termList/RDAContentType/1020
=337  \\$aunmediated$2rdamedia$0http://rdaregistry.info/termList/RDAMediaType/1007
=338  \\$avolume$2rdacarrier$0http://rdaregistry.info/termList/RDACarrierType/1049
=500  \\$aFormerly CIP.$5Uk
=500  \\$aOriginally published: New York: Vintage, 2006; London: Picador, 2010.

