=LDR  01187cam a2200289 a 4500
=001  015532270
=003  Uk
=005  20111116170007.0
=008  100409s2010\\\\enk\\\\\\\\\\\000\0\eng\\
=010  \\$a  2010398504
=016  7\$a015532270$2Uk
=020  \\$a1408127423 (pbk.)$c£9.99
=020  \\$a9781408127421 (pbk.) :$c£9.99
=082  04$a820.8009$222
=100  1\$aPenhall, Joe.$1http://viaf.org/viaf/5191807$4http://rdaregistry.info/Elements/w/object/P10061
=240  14$aThe road$1http://viaf.org/viaf/5191807/theroad
=245  14$aThe road /$cJoe Penhall ; based on the novel by Cormac McCarthy.
=260  \\$aLondon :$bMethuen Drama,$c2010.
=300  \\$a102 p. ;$c20 cm.
=336  \\$atext$2rdacontent
=337  \\$aunmediated$2rdamedia
=338  \\$avolume$2rdacarrier
=336  \\$atext$2rdacontent$0http://rdaregistry.info/termList/RDAContentType/1020
=337  \\$aunmediated$2rdamedia$0http://rdaregistry.info/termList/RDAMediaType/1007
=338  \\$avolume$2rdacarrier$0http://rdaregistry.info/termList/RDACarrierType/1049
=700  1\$aMcCarthy, Cormac,$d1933-2023.$tRoad.
=758  \\$aThe road$1http://viaf.org/viaf/220031159$4http://rdaregistry.info/Elements/w/object/P10134

