=LDR  01089pam a2200277 a 4500
=001  015302014
=003  Uk
=005  20100326124725.0
=008  090611r20101966enk\\\\\\\\\\\000\1\eng\d
=016  7\$a015302014$2Uk
=020  \\$a0330511254 (pbk.) :$c£7.99
=020  \\$a9780330511254 (pbk.) :$c£7.99
=082  04$a813.54$222
=100  1\$aMcCarthy, Cormac,$d1933-2023.$1http://viaf.org/viaf/29558386$4http://rdaregistry.info/Elements/w/object/P10061
=240  14$aThe orchard keeper$kNovel$1http://viaf.org/viaf/191907343
=245  14$aThe orchard keeper /$cCormac McCarthy.
=260  \\$aLondon :$bPicador,$c2010.
=300  \\$a259 p. ;$c20 cm.
=336  \\$atext$2rdacontent
=337  \\$aunmediated$2rdamedia
=338  \\$avolume$2rdacarrier
=336  \\$atext$2rdacontent$0http://rdaregistry.info/termList/RDAContentType/1020
=337  \\$aunmediated$2rdamedia$0http://rdaregistry.info/termList/RDAMediaType/1007
=338  \\$avolume$2rdacarrier$0http://rdaregistry.info/termList/RDACarrierType/1049
=500  \\$aFormerly CIP.$5Uk
=500  \\$aOriginally published: London: Deutsch, 1966.

