=LDR  01105pam a2200277 a 4500
=001  015302012
=003  Uk
=005  20100407163909.0
=008  090611r20101980enk\\\\\\\\\\\000\1\eng\d
=016  7\$a015302012$2Uk
=020  \\$a0330511238 (pbk.) :$c£8.99
=020  \\$a9780330511230 (pbk.) :$c£8.99
=082  04$a813.54$222
=100  1\$aMcCarthy, Cormac,$d1933-2023.$1http://viaf.org/viaf/29558386$4http://rdaregistry.info/Elements/w/object/P10061
=240  1\$aSuttree$kNovel$1http://viaf.org/viaf/188298726
=245  10$aSuttree /$cCormac McCarthy.
=260  \\$aLondon :$bPicador,$c2010.
=300  \\$a567 p. ;$c20 cm.
=336  \\$atext$2rdacontent
=337  \\$aunmediated$2rdamedia
=338  \\$avolume$2rdacarrier
=336  \\$atext$2rdacontent$0http://rdaregistry.info/termList/RDAContentType/1020
=337  \\$aunmediated$2rdamedia$0http://rdaregistry.info/termList/RDAMediaType/1007
=338  \\$avolume$2rdacarrier$0http://rdaregistry.info/termList/RDACarrierType/1049
=500  \\$aFormerly CIP.$5Uk
=500  \\$aOriginally published: New York: Random House, 1979; London: Chatto & Windus, 1980.

