=LDR  01174pam a2200289 a 4500
=001  015302009
=003  Uk
=005  20100413140836.0
=008  090611r20101998enk\\\\\\\\\\\000\1\eng\d
=016  7\$a015302009$2Uk
=020  \\$a0330511203 (pbk.) :$c£8.99
=020  \\$a9780330511209 (pbk.) :$c£8.99
=082  04$a813.54$222
=100  1\$aMcCarthy, Cormac,$d1933-2023.$1http://viaf.org/viaf/29558386$4http://rdaregistry.info/Elements/w/object/P10061
=240  14$aCities of the plain$kNovel$1http://viaf.org/viaf/3417153653286155900001
=245  10$aCities of the plain /$cCormac McCarthy.
=260  \\$aLondon :$bPicador,$c2010.
=300  \\$a293 p. ;$c20 cm.
=336  \\$atext$2rdacontent
=337  \\$aunmediated$2rdamedia
=338  \\$avolume$2rdacarrier
=336  \\$atext$2rdacontent$0http://rdaregistry.info/termList/RDAContentType/1020
=337  \\$aunmediated$2rdamedia$0http://rdaregistry.info/termList/RDAMediaType/1007
=338  \\$avolume$2rdacarrier$0http://rdaregistry.info/termList/RDACarrierType/1049
=490  0\$aThe Border trilogy ;$vv. 3
=500  \\$aFormerly CIP.$5Uk
=500  \\$aOriginally published: New York: Alfred A. Knopf; London: Picador, 1998.

