=LDR  01184pam a2200277 a 4500
=001  015302006
=003  Uk
=005  20100326144703.0
=008  090611r20101989enk\\\\\\\\\\\000\f\eng|d
=016  7\$a015302006$2Uk
=020  \\$a0330510940 (pbk.) :$c£8.99
=020  \\$a9780330510943 (pbk.) :$c£8.99
=082  04$a813.54$222
=100  1\$aMcCarthy, Cormac,$d1933-2023.$1http://viaf.org/viaf/29558386$4http://rdaregistry.info/Elements/w/object/P10061
=240  10$aBlood meridian, or The evening redness in the west$kNovel$1http://viaf.org/viaf/191524645
=245  10$aBlood meridian, or, The evening redness in the West /$cCormac McCarthy.
=260  \\$aLondon :$bPicador,$c2010.
=300  \\$a352 p. ;$c20 cm.
=336  \\$atext$2rdacontent
=337  \\$aunmediated$2rdamedia
=338  \\$avolume$2rdacarrier
=336  \\$atext$2rdacontent$0http://rdaregistry.info/termList/RDAContentType/1020
=337  \\$aunmediated$2rdamedia$0http://rdaregistry.info/termList/RDAMediaType/1007
=338  \\$avolume$2rdacarrier$0http://rdaregistry.info/termList/RDACarrierType/1049
=500  \\$aFormerly CIP.$5Uk
=500  \\$aOriginally published: New York: Random House, 1985; London: Picador, 1989.

