=LDR  01167pam a2200289 a 4500
=001  015302005
=003  Uk
=005  20100412162644.0
=008  090611r20101993enk\\\\\\\\\\\000\1\eng\d
=016  7\$a015302005$2Uk
=020  \\$a0330510932 (pbk.) :$c£7.99
=020  \\$a9780330510936 (pbk.) :$c£7.99
=082  04$a813.54$222
=100  1\$aMcCarthy, Cormac,$d1933-2023.$1http://viaf.org/viaf/29558386$4http://rdaregistry.info/Elements/w/object/P10061
=240  10$aAll the pretty horses$kNovel$1http://viaf.org/viaf/214001528
=245  10$aAll the pretty horses /$cCormac McCarthy.
=260  \\$aLondon :$bPicador,$c2010.
=300  \\$a309 p. ;$c20 cm.
=336  \\$atext$2rdacontent
=337  \\$aunmediated$2rdamedia
=338  \\$avolume$2rdacarrier
=336  \\$atext$2rdacontent$0http://rdaregistry.info/termList/RDAContentType/1020
=337  \\$aunmediated$2rdamedia$0http://rdaregistry.info/termList/RDAMediaType/1007
=338  \\$avolume$2rdacarrier$0http://rdaregistry.info/termList/RDACarrierType/1049
=490  0\$aThe Border trilogy ;$vv. 1
=500  \\$aFormerly CIP.$5Uk
=500  \\$aOriginally published: New York: Alfred A. Knopf, 1992; London: Pan, 1993.

