=LDR  01726nam a22003491a 4500
=001  014769653
=003  Uk
=005  20101207144919.0
=007  ta
=008  101112r20081999nyu\\\\\\\\\\\000\f\eng\d
=016  7\$a014769653$2Uk
=020  \\$a9780375407932 (US : hbk.)
=020  \\$a9781857152616 (UK : hbk.)
=043  \\$an-us-nm$an-us-tx
=082  04$a813.54$222
=100  1\$aMcCarthy, Cormac,$d1933-2023.$1http://viaf.org/viaf/29558386$4http://rdaregistry.info/Elements/w/object/P10061
=240  14$aThe border trilogy$kNovel Collection$1http://viaf.org/viaf/175871715
=245  14$aThe border trilogy /$cCormac McCarthy.
=260  \\$aNew York :$bAlfred A. Knopf ;$a[London] :$bDistributed by Random House UK,$c2008.
=300  \\$a1 v. (various pagings) ;$c22 cm.
=336  \\$atext$2rdacontent
=337  \\$aunmediated$2rdamedia
=338  \\$avolume$2rdacarrier
=336  \\$atext$2rdacontent$0http://rdaregistry.info/termList/RDAContentType/1020
=337  \\$aunmediated$2rdamedia$0http://rdaregistry.info/termList/RDAMediaType/1007
=338  \\$avolume$2rdacarrier$0http://rdaregistry.info/termList/RDACarrierType/1049
=490  0\$aEveryman's library ;$v261
=500  \\$a"The border trilogy first published as a single volume in Everyman's Library in the USA, 1999. Individual volumes originally published by Alfred A. Knopf"--T.p. verso.
=505  0\$aAll the pretty horses -- The crossing -- Cities of the plain.
=700  12$aMcCarthy, Cormac,$d1933-2023.$tAll the pretty horses.$1http://viaf.org/viaf/214001528
=700  12$aMcCarthy, Cormac,$d1933-2023.$tCities of the plain.$1http://viaf.org/viaf/3417153653286155900001
=700  12$aMcCarthy, Cormac,$d1933-2023.$tThe crossing.$1http://viaf.org/viaf/309357400

