=LDR  01081pam a2200289 a 4500
=001  014765444
=003  Uk
=005  20090828121753.0
=008  080924r20092006enk\\\\\\\\\\\000\1\eng\d
=016  7\$a014765444$2Uk
=020  \\$a0330468464 (pbk.) :$c£7.99
=020  \\$a9780330468466 (pbk.) :$c£7.99
=082  04$a813.54$222
=100  1\$aMcCarthy, Cormac,$d1933-2023.$1http://viaf.org/viaf/29558386$4http://rdaregistry.info/Elements/w/object/P10061
=240  14$aThe road$kNovel$1http://viaf.org/viaf/220031159
=245  14$aThe road /$cCormac McCarthy.
=260  \\$aLondon :$bPicador,$c2009.
=300  \\$a307 p. ;$c20 cm.
=336  \\$atext$2rdacontent
=337  \\$aunmediated$2rdamedia
=338  \\$avolume$2rdacarrier
=336  \\$atext$2rdacontent$0http://rdaregistry.info/termList/RDAContentType/1020
=337  \\$aunmediated$2rdamedia$0http://rdaregistry.info/termList/RDAMediaType/1007
=338  \\$avolume$2rdacarrier$0http://rdaregistry.info/termList/RDACarrierType/1049
=500  \\$aFilm tie-in.
=500  \\$aFormerly CIP.$5Uk
=500  \\$aOriginally published: 2006.

