=LDR  01077pam a2200277 a 4500
=001  013746990
=003  Uk
=005  20070613093126.0
=008  070313s2007\\\\enk\\\\\d\\\\\000\1\eng\d
=016  7\$a013746990$2Uk
=020  \\$a9781846329166 (hbk.) :$c£18.95
=082  04$a813.54$222
=100  1\$aMcCarthy, Cormac,$d1933-2023.$1http://viaf.org/viaf/29558386$4http://rdaregistry.info/Elements/w/object/P10061
=240  14$aThe road$kNovel$1http://viaf.org/viaf/220031159
=245  14$aThe road /$cCormac McCarthy.
=250  \\$aLarge print ed.
=260  \\$aRearsby :$bW. F. Howes,$c2007.
=300  \\$a250 p. (large print) ;$c25 cm.
=336  \\$atext$2rdacontent
=337  \\$aunmediated$2rdamedia
=338  \\$avolume$2rdacarrier
=336  \\$atext$2rdacontent$0http://rdaregistry.info/termList/RDAContentType/1020
=337  \\$aunmediated$2rdamedia$0http://rdaregistry.info/termList/RDAMediaType/1007
=338  \\$avolume$2rdacarrier$0http://rdaregistry.info/termList/RDACarrierType/1049
=500  \\$aFormerly CIP.$5Uk
=500  \\$aOriginally published: London: Picador, 2006.

