=LDR  01213nam a22003138a 4500
=001  013480453
=003  Uk
=005  20060914115249.0
=008  060523s2006\\\\enk\\\\gd\\\\\000\1\eng\\
=016  7\$a013480453$2Uk
=020  \\$a1405613947 (hbk.) :$c£17.99
=020  \\$a1405613955 (pbk.) :$cNo price
=020  \\$a9781405613941 (hbk.) :$c£17.99
=020  \\$a9781405613958 (pbk.) :$cNo price
=082  04$a813.54$222
=100  1\$aMcCarthy, Cormac,$d1933-2023.$1http://viaf.org/viaf/29558386$4http://rdaregistry.info/Elements/w/object/P10061
=240  10$aNo country for old men$kNovel$1http://viaf.org/viaf/214012164
=245  10$aNo country for old men /$cCormac McCarthy.
=250  \\$aLarge print ed.
=260  \\$aBath :$bWindsor,$c2006.
=263  \\$a200607
=300  \\$a280 p. ;$c25 cm.
=336  \\$atext$2rdacontent
=337  \\$aunmediated$2rdamedia
=338  \\$avolume$2rdacarrier
=336  \\$atext$2rdacontent$0http://rdaregistry.info/termList/RDAContentType/1020
=337  \\$aunmediated$2rdamedia$0http://rdaregistry.info/termList/RDAMediaType/1007
=338  \\$avolume$2rdacarrier$0http://rdaregistry.info/termList/RDACarrierType/1049
=500  \\$aOriginally published: London: Picador, 2005.

