=LDR  01098pam a2200289 a 4500
=001  013469886
=003  Uk
=005  20070123094935.0
=008  060420s2006\\\\enk\\\\g\\\\\\000\1\eng\\
=016  7\$a013469886$2Uk
=020  \\$a033044753X (hbk.) :$c£16.99
=020  \\$a0330447556 (pbk.) :$cNo price
=020  \\$a9780330447539 :$c£16.99
=020  \\$a9780330447553 (pbk.) :$cNo price
=082  04$a813.54$222
=100  1\$aMcCarthy, Cormac,$d1933-2023.$1http://viaf.org/viaf/29558386$4http://rdaregistry.info/Elements/w/object/P10061
=240  14$aThe road$kNovel$1http://viaf.org/viaf/220031159
=245  14$aThe road /$cCormac McCarthy.
=260  \\$aLondon :$bPicador,$c2006.
=300  \\$a241 p. ;$c22 cm.
=336  \\$atext$2rdacontent
=337  \\$aunmediated$2rdamedia
=338  \\$avolume$2rdacarrier
=336  \\$atext$2rdacontent$0http://rdaregistry.info/termList/RDAContentType/1020
=337  \\$aunmediated$2rdamedia$0http://rdaregistry.info/termList/RDAMediaType/1007
=338  \\$avolume$2rdacarrier$0http://rdaregistry.info/termList/RDACarrierType/1049
=500  \\$aFormerly CIP.$5Uk

