=LDR  01032pam a2200265 a 4500
=001  013278941
=003  Uk
=005  20051011130141.0
=008  050106s2005\\\\enk\\\\\\\\\\\000\1\eng\\
=016  7\$a013278941$2Uk
=020  \\$a0330440101 (cased) :$c£16.99
=020  \\$a0330440306 (pbk.)$c£10.99
=082  04$a813.54$222
=100  1\$aMcCarthy, Cormac,$d1933-2023.$1http://viaf.org/viaf/29558386$4http://rdaregistry.info/Elements/w/object/P10061
=240  10$aNo country for old men$kNovel$1http://viaf.org/viaf/214012164
=245  10$aNo country for old men /$cCormac McCarthy.
=260  \\$aLondon :$bPicador,$c2005.
=300  \\$a309 p.$c22 cm.
=336  \\$atext$2rdacontent
=337  \\$aunmediated$2rdamedia
=338  \\$avolume$2rdacarrier
=336  \\$atext$2rdacontent$0http://rdaregistry.info/termList/RDAContentType/1020
=337  \\$aunmediated$2rdamedia$0http://rdaregistry.info/termList/RDAMediaType/1007
=338  \\$avolume$2rdacarrier$0http://rdaregistry.info/termList/RDACarrierType/1049
=500  \\$aFormerly CIP.$5Uk

