=LDR  01029 am a2200265ui 4500
=001  011980219
=005  20230615203600.0
=008  800804r19801979enk\\\\||\\\\\000\1|eng\\
=019  1\$a0701125063
=019  9\$a0701125063
=019  y\$aB8004463
=020  \\$a0701125063 :$c£6.95
=082  04$a823/.9/1$218
=100  1\$aMcCarthy, Cormac,$d1933-2023.$1http://viaf.org/viaf/29558386$4http://rdaregistry.info/Elements/w/object/P10061
=240  1\$aSuttree$1http://viaf.org/viaf/188298726
=245  10$aSuttree /$cCormac McCarthy.
=260  \\$aLondon :$bChatto and Windus,$c1980.
=300  \\$a[6],471p. ;$c22cm.
=336  \\$atext$2rdacontent
=337  \\$aunmediated$2rdamedia
=338  \\$avolume$2rdacarrier
=336  \\$atext$2rdacontent$0http://rdaregistry.info/termList/RDAContentType/1020
=337  \\$aunmediated$2rdamedia$0http://rdaregistry.info/termList/RDAMediaType/1007
=338  \\$avolume$2rdacarrier$0http://rdaregistry.info/termList/RDACarrierType/1049
=500  \\$aOriginally published : New York : Random House, 1979.

