=LDR  01100 am a2200277ua 4500
=001  010046075
=005  20230615203600.0
=008  980202r19971994enk\\\\||\\\\\000\d|eng\\
=019  1\$a0330350331
=019  9\$a0330350331
=019  y\$ab97Z0110
=020  \\$a0330350331 (pbk) :$c£6.99
=039  0\$a2477
=082  04$a812.54$221
=100  1\$aMcCarthy, Cormac,$d1933-2023.$1http://viaf.org/viaf/29558386$4http://rdaregistry.info/Elements/w/object/P10061
=240  14$aThe stonemason$kPlay$1http://viaf.org/viaf/8419162723677961290005
=245  14$aThe stonemason :$ba play in five acts /$cCormac McCarthy.
=260  \\$aLondon :$bPicador,$c1997, c1994.
=300  \\$a133p. ;$c20cm.
=336  \\$atext$2rdacontent
=337  \\$aunmediated$2rdamedia
=338  \\$avolume$2rdacarrier
=336  \\$atext$2rdacontent$0http://rdaregistry.info/termList/RDAContentType/1020
=337  \\$aunmediated$2rdamedia$0http://rdaregistry.info/termList/RDAMediaType/1007
=338  \\$avolume$2rdacarrier$0http://rdaregistry.info/termList/RDACarrierType/1049
=500  \\$aOriginally published: Hopewell, N.J. : Ecco, 1994.

