=LDR  01117 am a2200289ua 4500
=001  010045826
=005  20230615203600.0
=008  981026s1998\\\\enk\\\\||\\\\\000\1|eng\\
=019  1\$a033034448x
=019  9\$a033034448x
=019  y\$ab96W4898
=020  \\$a033034448X :$c£16.99
=039  0\$a2514
=082  04$a813.54$221
=100  1\$aMcCarthy, Cormac,$d1933-2023.$1http://viaf.org/viaf/29558386$4http://rdaregistry.info/Elements/w/object/P10061
=240  14$aCities of the plain$kNovel$1http://viaf.org/viaf/3417153653286155900001
=245  10$aCities of the plain /$cCormac McCarthy.
=260  \\$aLondon :$bPicador,$c1998.
=300  \\$a291p. ;$c23cm.
=336  \\$atext$2rdacontent
=337  \\$aunmediated$2rdamedia
=338  \\$avolume$2rdacarrier
=336  \\$atext$2rdacontent$0http://rdaregistry.info/termList/RDAContentType/1020
=337  \\$aunmediated$2rdamedia$0http://rdaregistry.info/termList/RDAMediaType/1007
=338  \\$avolume$2rdacarrier$0http://rdaregistry.info/termList/RDACarrierType/1049
=490  1\$aBorder trilogy ;$vv.3
=800  1\$aMcCarthy, Cormac,$d1933-2023.$tBorder trilogy ;$vv.3.

