=LDR  01024 am a22002777a 4500
=001  010045408
=005  20230615203600.0
=008  940830s1994\\\\enk\\\\||\\\\\000\1|eng\\
=019  1\$a033033462x
=019  9\$a033033462x
=019  y\$ab9468778
=020  \\$a033033462X :$c£14.99
=039  0\$a2305
=082  04$a813.54$220
=100  1\$aMcCarthy, Cormac,$d1933-2023.$1http://viaf.org/viaf/29558386$4http://rdaregistry.info/Elements/w/object/P10061
=240  14$aThe crossing$kNovel$1http://viaf.org/viaf/309357400
=245  14$aThe crossing.
=260  \\$aLondon :$bPicador,$c1994.
=300  \\$a425p.
=336  \\$atext$2rdacontent
=337  \\$aunmediated$2rdamedia
=338  \\$avolume$2rdacarrier
=336  \\$atext$2rdacontent$0http://rdaregistry.info/termList/RDAContentType/1020
=337  \\$aunmediated$2rdamedia$0http://rdaregistry.info/termList/RDAMediaType/1007
=338  \\$avolume$2rdacarrier$0http://rdaregistry.info/termList/RDACarrierType/1049
=800  1\$aMcCarthy, Cormac,$d1933-2023.$tBorder trilogy ;$vv.2.

