=LDR  01158 am a22002897a 4500
=001  010045274
=005  20230615203600.0
=008  940118r19941992enk\\\\||\\\\\000\1|eng\\
=019  1\$a0330331698
=019  9\$a0330331698
=019  y\$ab9364324
=020  \\$a0330331698 (pbk) :$c£5.99
=039  0\$a2274
=082  04$a813.54$220
=100  1\$aMcCarthy, Cormac,$d1933-2023.$1http://viaf.org/viaf/29558386$4http://rdaregistry.info/Elements/w/object/P10061
=240  10$aAll the pretty horses$kNovel$1http://viaf.org/viaf/214001528
=245  10$aAll the pretty horses.
=260  \\$aLondon :$bPicador,$c1993$g(1994 [printing])
=300  \\$a301p. ;$c20cm.
=336  \\$atext$2rdacontent
=337  \\$aunmediated$2rdamedia
=338  \\$avolume$2rdacarrier
=336  \\$atext$2rdacontent$0http://rdaregistry.info/termList/RDAContentType/1020
=337  \\$aunmediated$2rdamedia$0http://rdaregistry.info/termList/RDAMediaType/1007
=338  \\$avolume$2rdacarrier$0http://rdaregistry.info/termList/RDACarrierType/1049
=500  \\$aOriginally published: New York: Knopf, 1992; London: Picador, 1993.
=800  1\$aMcCarthy, Cormac,$d1933-2023.$tBorder trilogy ;$vv.1.

