=LDR  01037 am a22002777a 4500
=001  010044980
=005  20230615203600.0
=008  930802s1993\\\\enk\\\\||\\\\\000\1|eng\\
=019  1\$a0330325310
=019  9\$a0330325310
=019  y\$ab9339711
=020  \\$a0330325310 :$c£14.99
=039  0\$a2251
=082  04$a813.54$220
=100  1\$aMcCarthy, Cormac,$d1933-2023.$1http://viaf.org/viaf/29558386$4http://rdaregistry.info/Elements/w/object/P10061
=240  10$aAll the pretty horses$kNovel$1http://viaf.org/viaf/214001528
=245  10$aAll the pretty horses.
=260  \\$bPicador,$c1993.
=300  \\$a301p.
=336  \\$atext$2rdacontent
=337  \\$aunmediated$2rdamedia
=338  \\$avolume$2rdacarrier
=336  \\$atext$2rdacontent$0http://rdaregistry.info/termList/RDAContentType/1020
=337  \\$aunmediated$2rdamedia$0http://rdaregistry.info/termList/RDAMediaType/1007
=338  \\$avolume$2rdacarrier$0http://rdaregistry.info/termList/RDACarrierType/1049
=800  1\$aMcCarthy, Cormac,$d1933-2023.$tThe border trilogy ;$vv. 1.

