=LDR  00955 am a22002657a 4500
=001  010044366
=005  20230615203600.0
=008  940418r19941968enk\\\\||\\\\\000\1|eng\\
=019  1\$a0330314920
=019  9\$a0330314920
=019  y\$ab9430866
=020  \\$a0330314920 (pbk) :$c£5.99
=039  0\$a2286
=082  04$a813.54$220
=100  1\$aMcCarthy, Cormac,$d1933-2023.$1http://viaf.org/viaf/29558386$4http://rdaregistry.info/Elements/w/object/P10061
=240  10$aOuter dark$kNovel$1http://viaf.org/viaf/215254416
=245  10$aOuter dark.
=260  \\$aLondon :$bPicador,$c1994.
=300  \\$a242p.
=336  \\$atext$2rdacontent
=337  \\$aunmediated$2rdamedia
=338  \\$avolume$2rdacarrier
=336  \\$atext$2rdacontent$0http://rdaregistry.info/termList/RDAContentType/1020
=337  \\$aunmediated$2rdamedia$0http://rdaregistry.info/termList/RDAMediaType/1007
=338  \\$avolume$2rdacarrier$0http://rdaregistry.info/termList/RDACarrierType/1049

