=LDR  00971 am a22002657a 4500
=001  010044365
=005  20230615203600.0
=008  940314r19941965enk\\\\||\\\\\000\1|eng\\
=019  1\$a0330314912
=019  9\$a0330314912
=019  y\$ab9422252
=020  \\$a0330314912 (pbk) :$c£5.99
=039  0\$a2282
=082  04$a813.54$220
=100  1\$aMcCarthy, Cormac,$d1933-2023.$1http://viaf.org/viaf/29558386$4http://rdaregistry.info/Elements/w/object/P10061
=240  14$aThe orchard keeper$kNovel$1http://viaf.org/viaf/191907343
=245  14$aThe orchard keeper.
=260  \\$aLondon :$bPicador,$c1994.
=300  \\$a246p.
=336  \\$atext$2rdacontent
=337  \\$aunmediated$2rdamedia
=338  \\$avolume$2rdacarrier
=336  \\$atext$2rdacontent$0http://rdaregistry.info/termList/RDAContentType/1020
=337  \\$aunmediated$2rdamedia$0http://rdaregistry.info/termList/RDAMediaType/1007
=338  \\$avolume$2rdacarrier$0http://rdaregistry.info/termList/RDACarrierType/1049

