=LDR  01026 am a22002657a 4500
=001  010044241
=005  20230615203600.0
=008  930122r19901989enk\\\\||\\\\\000\1|eng\\
=019  1\$a0330312561
=019  9\$a0330312561
=019  y\$ab9307078
=020  \\$a0330312561 (pbk) :$c£5.99
=039  0\$a2225
=082  04$a813.54$220
=100  1\$aMcCarthy, Cormac,$d1933-2023.$1http://viaf.org/viaf/29558386$4http://rdaregistry.info/Elements/w/object/P10061
=240  10$aBlood meridian, or The evening redness in the west$kNovel$1http://viaf.org/viaf/191524645
=245  10$aBlood meridian, or, The evening redness in the west.
=260  \\$bPicador,$c1990.
=300  \\$a337p.
=336  \\$atext$2rdacontent
=337  \\$aunmediated$2rdamedia
=338  \\$avolume$2rdacarrier
=336  \\$atext$2rdacontent$0http://rdaregistry.info/termList/RDAContentType/1020
=337  \\$aunmediated$2rdamedia$0http://rdaregistry.info/termList/RDAMediaType/1007
=338  \\$avolume$2rdacarrier$0http://rdaregistry.info/termList/RDACarrierType/1049

