=LDR  00978 am a22002657a 4500
=001  010044091
=005  20230615203600.0
=008  940705r19891974enk\\\\||\\\\\000\1|eng\\
=019  1\$a033030643x
=019  9\$a033030643x
=019  y\$ab9453972
=020  \\$a033030643X (pbk) :$c£4.99
=039  0\$a2298
=082  04$a813.54$220
=100  1\$aMcCarthy, Cormac,$d1933-2023.$1http://viaf.org/viaf/29558386$4http://rdaregistry.info/Elements/w/object/P10061
=240  10$aChild of God$kNovel$1http://viaf.org/viaf/188670330
=245  10$aChild of God /$cCormac McCarthy.
=260  \\$aLondon :$bPicador,$c1989.
=300  \\$a197p.
=336  \\$atext$2rdacontent
=337  \\$aunmediated$2rdamedia
=338  \\$avolume$2rdacarrier
=336  \\$atext$2rdacontent$0http://rdaregistry.info/termList/RDAContentType/1020
=337  \\$aunmediated$2rdamedia$0http://rdaregistry.info/termList/RDAMediaType/1007
=338  \\$avolume$2rdacarrier$0http://rdaregistry.info/termList/RDACarrierType/1049

