=LDR  00922 am a2200217ua 4500
=001  007912711
=005  20230615203600.0
=008  950928s1994\\\\xxu\\\\||\\\\\000\d|eng\\
=019  1\$abld0038194
=020  \\$a0880013591
=100  1\$aMcCarthy, Cormac,$d1933-2023.$1http://viaf.org/viaf/29558386$4http://rdaregistry.info/Elements/w/object/P10061
=240  14$aThe stonemason$kPlay$1http://viaf.org/viaf/8419162723677961290005
=245  14$aThe stonemason :$ba play in five acts /$cCormac McCarthy.
=260  \\$aHopewell, N.J. :$bEcco Press,$cc1994.
=300  \\$a133p. ;$c22cm.
=336  \\$atext$2rdacontent
=337  \\$aunmediated$2rdamedia
=338  \\$avolume$2rdacarrier
=336  \\$atext$2rdacontent$0http://rdaregistry.info/termList/RDAContentType/1020
=337  \\$aunmediated$2rdamedia$0http://rdaregistry.info/termList/RDAMediaType/1007
=338  \\$avolume$2rdacarrier$0http://rdaregistry.info/termList/RDACarrierType/1049

