=LDR  01533 am a2200289ua 4500
=001  006723335
=003  Uk
=005  20050812165559.0
=008  021202s2002\\\\enk\\\\||\\\\\000\j|eng\\
=019  1\$a0330334611
=020  \\$a0330334611 (pbk.) :$c£10.00
=082  04$a813.54$221
=100  1\$aMcCarthy, Cormac,$d1933-2023.$1http://viaf.org/viaf/29558386$4http://rdaregistry.info/Elements/w/object/P10061
=240  14$aThe border trilogy$kNovel collection$1http://viaf.org/viaf/175871715
=245  14$aThe border trilogy :$bAll the pretty horses, The Crossing, Cities of the plain /$cCormac McCarthy.
=260  \\$aLondon :$bPicador,$c2002.
=300  \\$a1037 p. ;$c20 cm.
=336  \\$atext$2rdacontent
=337  \\$aunmediated$2rdamedia
=338  \\$avolume$2rdacarrier
=336  \\$atext$2rdacontent$0http://rdaregistry.info/termList/RDAContentType/1020
=337  \\$aunmediated$2rdamedia$0http://rdaregistry.info/termList/RDAMediaType/1007
=338  \\$avolume$2rdacarrier$0http://rdaregistry.info/termList/RDACarrierType/1049
=505  0\$aAll the pretty horses -- The crossing -- Cities of the plain
=700  12$aMcCarthy, Cormac,$d1933-2023.$tAll the pretty horses.$1http://viaf.org/viaf/214001528
=700  12$aMcCarthy, Cormac,$d1933-2023.$tCities of the plain.$1http://viaf.org/viaf/3417153653286155900001
=700  12$aMcCarthy, Cormac,$d1933-2023.$tThe crossing.$1http://viaf.org/viaf/309357400

