=LDR  00933nam a22002413  4500
=001  002304723
=003  Uk
=005  20220204182247.0
=008  890503|1970|||||||\\\\||\\\\\|||\||eng\\
=019  x\$a2043400061
=020  \\$a0233956506
=100  1\$aMcCarthy, Cormac,$d1933-2023.$1http://viaf.org/viaf/29558386$4http://rdaregistry.info/Elements/w/object/P10061
=240  10$aOuter dark$kNovel$1http://viaf.org/viaf/215254416
=245  10$aOuter dark.
=260  \\$aLondon :$bDeutsch,$c1970.
=300  \\$a238 p. ;$c21 cm.
=336  \\$atext$2rdacontent
=337  \\$aunmediated$2rdamedia
=338  \\$avolume$2rdacarrier
=336  \\$atext$2rdacontent$0http://rdaregistry.info/termList/RDAContentType/1020
=337  \\$aunmediated$2rdamedia$0http://rdaregistry.info/termList/RDAMediaType/1007
=338  \\$avolume$2rdacarrier$0http://rdaregistry.info/termList/RDACarrierType/1049
=500  \\$aOriginally published, New York: Random House, 1968.

