=LDR  00863nam a22002173  4500
=001  002304722
=003  Uk
=005  20200529182641.0
=008  890503|1966||||enk\\\\||\\\\\|||\||eng\\
=019  x\$a2043400053
=100  1\$aMcCarthy, Cormac,$d1933-2023.$1http://viaf.org/viaf/29558386$4http://rdaregistry.info/Elements/w/object/P10061
=240  14$aThe orchard keeper$kNovel$1http://viaf.org/viaf/191907343
=245  14$aThe Orchard keeper.
=264  \1$aLondon :$bAndré Deutsch,$c1966.
=300  \\$a246 pages ;$c(8º)
=336  \\$atext$2rdacontent
=337  \\$aunmediated$2rdamedia
=338  \\$avolume$2rdacarrier
=336  \\$atext$2rdacontent$0http://rdaregistry.info/termList/RDAContentType/1020
=337  \\$aunmediated$2rdamedia$0http://rdaregistry.info/termList/RDAMediaType/1007
=338  \\$avolume$2rdacarrier$0http://rdaregistry.info/termList/RDACarrierType/1049

