=LDR  00947nam a22002413  4500
=001  002304721
=003  Uk
=005  20220204182247.0
=008  890503|1975||||enk\\\\||\\\\\|||\||eng\\
=019  x\$a2043400045
=020  \\$a0701120959
=100  1\$aMcCarthy, Cormac,$d1933-2023.$1http://viaf.org/viaf/29558386$4http://rdaregistry.info/Elements/w/object/P10061
=240  10$aChild of God$kNovel$1http://viaf.org/viaf/188670330
=245  10$aChild of God.
=260  \\$aLondon :$bChatto and Windus,$c1975.
=300  \\$a197 p. ;$c21 cm.
=336  \\$atext$2rdacontent
=337  \\$aunmediated$2rdamedia
=338  \\$avolume$2rdacarrier
=336  \\$atext$2rdacontent$0http://rdaregistry.info/termList/RDAContentType/1020
=337  \\$aunmediated$2rdamedia$0http://rdaregistry.info/termList/RDAMediaType/1007
=338  \\$avolume$2rdacarrier$0http://rdaregistry.info/termList/RDACarrierType/1049
=500  \\$aOriginally published, New York: Random House. 1974.

