=LDR  03844cgm a22005177a 4500
=001  20395066
=003  LC
=005  20230613175731.0
=007  mr\cdaafqnarp|||c------
=008  180312s2013\\\\xxu113\\\\\\\\\\\\mleng\\
=010  \\$a  2018600604
=017  \\$aPA0001866487$bU.S. Copyright Office
=130  0\$aThe Counselor (Motion picture : 2013)$kMovie$1http://www.wikidata.org/entity/Q3061599
=245  14$aThe counselor /$ca Fox 2000 Pictures presentation of a Scott Free/Nick Wechsler/Chockstone Pictures production, made in association with TSG Entertainment, Ingenious Media ; directed by Ridley Scott ; produced by Ridley Scott, Wechsler, Steve Schwartz, Paula Mae Schwartz ; written by Cormac McCarthy.
=257  \\$aUnited States ; Great Britain.
=260  \\$aUnited States :$b20th Century Fox,$c2013.
=300  \\$3viewing print$a14 film reels of 14 on 7 (113 min., 10,170 ft.) :$banamorphic, sd. (opt, Dolby SR), col. ;$c35 mm.
=336  \\$atwo-dimensional moving image$2rdacontent$0http://rdaregistry.info/termList/RDAContentType/1023
=337  \\$aaudio$2rdamedia$0http://rdaregistry.info/termList/RDAMediaType/1008
=338  \\$afilm rolls$2rdacarrier$0http://rdaregistry.info/termList/RDACarrierType/1069
=500  \\$aAspect ratio is 2.35:1.
=500  \\$aNot viewed.
=500  \\$aSources used: Internet movie database, March 12, 2018; Variety, October 24, 2013; Copyright catalog online.
=508  \\$aExecutive producers, Cormac McCarthy, Mark Huffam, Michael Schaefer, Michael Costigan ; camera, Dariusz Wolski ; editor, Pietro Scalia ; music, Daniel Pemberton ; music supervisor, Pietro Scalia ; production designer, Arthur Max ; supervising art director, Marc Homes ; art directors, Ben Munro, Alex Cameron ; set decorator, Sonja Klaus ; costume designer, Janty Yates ; sound, Simon Hayes.
=511  1\$aMichael Fassbender, Penélope Cruz, Cameron Diaz, Javier Bardem, Brad Pitt.
=520  \\$a"Ridley Scott's The Counselor, from a script by Cormac McCarthy, stars Michael Fassbender as the title character, a slick lawyer who is madly in love with Laura (Penelope Cruz). He asks her to marry him, and she agrees, though she is unaware that serious financial troubles have prompted him to fund a drug deal with a shady but established middle man named Westray (Brad Pitt), that could bring in millions. Part of the counselor's financial troubles stem from the fact that he's investing in a club being opened by his best friend Reiner (Javier Bardem), a hedonist and occasional client who has attained his wealth by any means necessary, and likes to keep his wife, Malkina (Cameron Diaz) covered in all the accoutrements the wealthy enjoy. However, when the drug deal starts to go wrong, the counselor finds himself unprepared to deal with the fallout, and soon he's trying to protect his bride-to-be as well as himself from the wrath of a drug cartel that has no qualms about exacting revenge"--Allmovie.com, viewed March 12, 2018.
=521  8\$aMPAA rating: R.
=700  1\$aBardem, Javier,$d1969-$ecast.$1https://isni.org/isni/0000000121413793$4http://rdaregistry.info/Elements/e/object/P20012
=700  1\$aCruz, Penélope,$ecast.$1https://isni.org/isni/0000000109011804$4http://rdaregistry.info/Elements/e/object/P20012
=700  1\$aDiaz, Cameron,$ecast.$1https://isni.org/isni/000000011471482X$4http://rdaregistry.info/Elements/e/object/P20012
=700  1\$aFassbender, Michael,$d1977-$ecast.$1https://isni.org/isni/0000000115669792$4http://rdaregistry.info/Elements/e/object/P20012
=700  1\$aMcCarthy, Cormac,$d1933-2023,$ewriting.$1http://viaf.org/viaf/29558386$4http://rdaregistry.info/Elements/w/object/P10203
=700  1\$aPitt, Brad,$d1963-$ecast.$1https://isni.org/isni/0000000114380049$4http://rdaregistry.info/Elements/e/object/P20012
=700  1\$aSchwartz, Paula Mae,$eproduction.$1https://www.imdb.com/name/nm2445382$4http://rdaregistry.info/Elements/w/object/P10073
=700  1\$aSchwartz, Steve,$eproduction.$1https://www.imdb.com/name/nm0777455$4http://rdaregistry.info/Elements/w/object/P10073
=700  1\$aScott, Ridley,$edirection,$eproduction.$1https://isni.org/isni/0000000116899928$4http://rdaregistry.info/Elements/w/object/P10013$efilm producer$4http://rdaregistry.info/Elements/w/object/P10073
=700  1\$aWechsler, Nick,$eproduction.$1https://isni.org/isni/0000000063018399$4http://rdaregistry.info/Elements/w/object/P10073
=710  2\$aChockstone Pictures.
=710  2\$aCopyright Collection (Library of Congress)$5DLC
=710  2\$aFox 2000 Pictures.
=710  2\$aIngenious Media.
=710  2\$aNick Wechsler Productions.
=710  2\$aScott Free Productions.
=710  2\$aTSG Entertainment.
=710  2\$aTwentieth Century-Fox Film Corporation.
=786  18$tCounselor$w(DLC)2001178$nMAVIS

