=LDR  04548cgm a22007937i 4500
=001  23274099
=003  LC
=005  20230821092731.0
=007  vd\csaizq
=008  230811t20142013xxu117\e\\\\\\\\\\mleng\\
=010  \\$a  2023600351
=017  \\$aPA0001898576$bU.S. Copyright Office
=024  1\$a024543899990
=024  1\$a024543900009
=028  42$a2289999$bTwentieth Century Fox FIlm Corporation
=028  42$a2290000$bTwentieth Century Fox FIlm Corporation
=037  \\$bMidwest Tape$nhttp://www.midwesttapes.com
=041  1\$aeng$afre$aspa$jspa$jeng$jfre$heng
=046  \\$k2013$2edtf
=130  0\$aCounselor (Motion picture : 2013)$kMovie$1http://www.wikidata.org/entity/Q3061599
=245  14$aThe counselor /$cFox 2000 Pictures presents a Scott Free/Nick Wechsler/Chockstone Pictures production ; produced by Ridley Scott, Nick Wechsler, Steve Schwartz, Paula Mae Schwartz ; written by Cormac McCarthy ; director, Ridley Scott.
=250  \\$aUnrated extended cut.
=257  \\$aUnited States$aGreat Britain$2naf
=264  \1$aBeverly Hills, California :$bTwentieth Century Fox Home Entertainment,$c[2014]
=264  \4$c©2013
=300  \\$3viewing copy$a1 videodisc (117 min.) :$bsound, color ;$c4 3/4 in. + 1 Blu-ray
=336  \\$atwo-dimensional moving image$btdi$2rdacontent
=337  \\$avideo$bv$2rdamedia
=338  \\$avideodisc$bvd$2rdacarrier
=336  \\$atwo-dimensional moving image$2rdacontent$0http://rdaregistry.info/termList/RDAContentType/1023
=337  \\$aaudio$2rdamedia$0http://rdaregistry.info/termList/RDAMediaType/1008
=338  \\$avideo disc$2rdacarrier$0http://rdaregistry.info/termList/RDACarrierType/1060
=340  \\$b4 3/4 in.$2rda
=344  \\$adigital$boptical$gsurround$hDolby digital 5.1$2rda
=344  \\$adigital$boptical$gsurround$hDTS-HD Master Audio 5.1$2rda
=347  \\$avideo file$bBlu-Ray$eRegion A$2rda
=380  \\$aMotion pictures$2lcgft
=500  \\$a"Includes 2 versions: unrated extended cut & theatrical."
=500  \\$aDisc 1. Special features: viral pieces: uncut--Laura (never-before-seen), The counselor, Malkina and Reiner.
=500  \\$aDisc 2. Special features: Truth of the situation: making The counselor--an immersive experience with feature-length commentary by Director Ridley Scott.
=500  \\$aOriginally released as a motion picture in 2013.
=500  \\$aSources used: videodisc container; Copyright catalog online; Internet movie database WWW site, viewed August 11, 2023.
=500  \\$aTitle from container.
=500  \\$aWidescreen (2.40:1).
=505  0\$adisc 1. The counselor (Theatrical version) (117 in.) -- disc 2. The counselor (Unrated extended cut) (138 min.).
=508  \\$aDirector of photography, Dariusz Wolski ; editor, Pietro Scalia ; music, Daniel Pemberton.
=511  1\$aMichael Fassbender, Penelope Cruz, Cameron Diaz, Javier Bardem, Brad Pitt, Rosie Perez, Bruno Ganz.
=520  \\$aA lawyer makes a risky entrance into the drug trade, and gambles that the consequences won't catch up with him.
=521  8\$aDisc 1, MPAA rating: R; graphic violence, some grisly images, strong sexual content and language$aDisc 2, MPAA rating: Unrated; contains material different from the R-rated version.
=538  \\$aBlu-ray; requires Blu-ray player.
=546  \\$aEnglish (DTS-HD Master Audio 5.1) (discs 1-2), French (Dolby digital 5.1) (disc 1) or Spanish (Dolby digital 5.1) (disc 1) dialogue; Spanish (discs 1-2) or French (disc 2) subtitles; English subtitled for the deaf and hard of hearing (discs 1-2); English described audio (disc 1).
=700  1\$aBardem, Javier,$d1969-$eactor.$1https://isni.org/isni/0000000121413793$4http://rdaregistry.info/Elements/e/object/P20012
=700  1\$aCruz, Penélope,$eactor.$1https://isni.org/isni/0000000109011804$4http://rdaregistry.info/Elements/e/object/P20012
=700  1\$aDiaz, Cameron,$eactor.$1https://isni.org/isni/000000011471482X$4http://rdaregistry.info/Elements/e/object/P20012
=700  1\$aFassbender, Michael,$d1977-$eactor.$1https://isni.org/isni/0000000115669792$4http://rdaregistry.info/Elements/e/object/P20012
=700  1\$aMcCarthy, Cormac,$d1933-2023,$escreenwriter.$1http://viaf.org/viaf/29558386$4http://rdaregistry.info/Elements/w/object/P10203
=700  1\$aPemberton, Daniel,$ecomposer.$1https://isni.org/isni/0000000003044835$4http://rdaregistry.info/Elements/w/object/P10053
=700  1\$aPitt, Brad,$d1963-$eactor.$1https://isni.org/isni/0000000114380049$4http://rdaregistry.info/Elements/e/object/P20012
=700  1\$aScalia, Pietro,$d1960-$eeditor of moving image work.$1https://isni.org/isni/000000011477315X$4http://rdaregistry.info/Elements/e/object/P20055
=700  1\$aSchwartz, Paula Mae,$efilm producer.$1https://www.imdb.com/name/nm2445382$4http://rdaregistry.info/Elements/w/object/P10073
=700  1\$aSchwartz, Steve,$efilm producer.$1https://www.imdb.com/name/nm0777455$4http://rdaregistry.info/Elements/w/object/P10073
=700  1\$aScott, Ridley,$efilm director.$1https://isni.org/isni/0000000116899928$4http://rdaregistry.info/Elements/w/object/P10013$efilm producer$4http://rdaregistry.info/Elements/w/object/P10073
=700  1\$aWechsler, Nick,$efilm producer.$1https://isni.org/isni/0000000063018399$4http://rdaregistry.info/Elements/w/object/P10073
=700  1\$aWolski, Dariusz A.,$ecinematographer.$1https://isni.org/isni/0000000116794245$4http://rdaregistry.info/Elements/w/object/P10068
=710  2\$aChockstone Pictures,$eproduction company.
=710  2\$aCopyright Collection (Library of Congress)$5DLC
=710  2\$aFox 2000 Pictures,$epresenter.
=710  2\$aNick Wechsler Productions,$eproduction company.
=710  2\$aTwentieth Century Fox Home Entertainment, Inc.,$epublisher.

