=LDR  02524cgm a22003977a 4500
=001  15894496
=003  LC
=005  20230613175720.0
=007  mr\c|aaf|nara||ac------
=008  090904s2007\\\\xxu122\\\\\\\\\\\\mleng\\
=010  \\$a  2009597782
=017  \\$aPA0001605997$bU.S. Copyright Office
=130  0\$aNo country for old men (Motion picture)$kMovie$1https://www.imdb.com/title/tt0477348
=245  10$aNo country for old men /$ca Miramax, Paramount Vantage presentation of a Scott Rudin/Mike Zoss production ; directed, written by Joel Coen, Ethan Coen ; produced by Scott Rudin, Ethan Coen, Joel Coen.
=257  \\$aUnited States.
=260  \\$aUnited States :$bMiramax Films,$c2007.
=300  \\$3viewing print.$a12 film reels of 12 on 6 (ca. 122 min., ca. 10,980 ft.) :$bsd. (opt, Dolby SR, digital, Dolby SRD, SDDS), col. ;$c35 mm.
=336  \\$atwo-dimensional moving image$2rdacontent$0http://rdaregistry.info/termList/RDAContentType/1023
=337  \\$aaudio$2rdamedia$0http://rdaregistry.info/termList/RDAMediaType/1008
=338  \\$afilm rolls$2rdacarrier$0http://rdaregistry.info/termList/RDACarrierType/1069
=500  \\$aBased on the novel by Cormac McCarthy.
=500  \\$aNot viewed.
=500  \\$aSources used: copyright database; All-movie guide WWW site, Sept. 4, 2009; Variety WWW site, review posted May 18, 2007, viewed Sept. 4, 2009; Internet movie database, via WWW, Sept. 4, 2009; FirstSearch, via WWW, OCLC 184908513, Sept. 4, 2009.
=500  \\$aSummary adapted from All-movie guide WWW site, Sept. 4, 2009, Sept. 4, 2009.
=508  \\$aExecutive producers, Robert Graf, Mark Roybal ; camera, Roger Deakins ; editor, Roderick Jaynes ; music, Carter Burwell ; production designer, Jess Gonchor.
=511  1\$aTommy Lee Jones, Javier Bardem, Josh Brolin, Woody Harrelson, Kelly Macdonald, Garret Dillahunt, Tess Harper, Barry Corbin, Stephen Root, Rodger Boyce, Beth Grant, Ana Reeder.
=520  \\$aWhen a Vietnam veteran discovers two million dollars while wandering through the aftermath of a Texas drug deal gone awry, his decision to abscond with the cash sets off a violent chain reaction in a once peaceful Texas town.
=521  \\$aMPAA rating: R.
=700  1\$aBardem, Javier,$d1969-$ecast.$1https://isni.org/isni/0000000121413793$4http://rdaregistry.info/Elements/e/object/P20012
=700  1\$aBrolin, Josh,$ecast.$1https://isni.org/isni/0000000109217300$4http://rdaregistry.info/Elements/e/object/P20012
=700  1\$aCoen, Ethan,$edirection,$eproduction,$ewriting.$1https://isni.org/isni/0000000121417460$4http://rdaregistry.info/Elements/w/object/P10013$4http://rdaregistry.info/Elements/w/object/P10073$4http://rdaregistry.info/Elements/w/object/P10203
=700  1\$aCoen, Joel,$edirection,$eproduction,$ewriting.$1https://isni.org/isni/0000000120296767$4$4http://rdaregistry.info/Elements/w/object/P10013$4http://rdaregistry.info/Elements/w/object/P10073$4http://rdaregistry.info/Elements/w/object/P10203
=700  1\$aJones, Tommy Lee,$d1946-$ecast.$1https://isni.org/isni/000000010921736X$4http://rdaregistry.info/Elements/e/object/P20012
=700  1\$aRudin, Scott,$d1958-$eproduction.$1https://isni.org/isni/0000000080773273$4http://rdaregistry.info/Elements/w/object/P10073
=710  2\$aCopyright Collection (Library of Congress)$5DLC
=710  2\$aMiramax Films.
=710  2\$aParamount Vantage.
=758  10$aNo country for old men$1http://viaf.org/viaf/214012164$4http://rdaregistry.info/Elements/w/object/P10129

