=LDR  03972cgm a22006497i 4500
=001  20236694
=003  LC
=005  20230613175712.0
=007  vd\csaizq
=008  180103t20082008xxu122\|\\\\\\\\\\mleng\\
=010  \\$a  2017610695
=020  \\$a0788884492
=020  \\$a9780788884498
=024  1\$a786936750034
=024  10$a031398134848$d80
=028  42$a55962$bMiramax Films/Paramount Vantage
=041  1\$aeng$jeng$jfre$jspa$heng
=043  \\$an-us-tx
=046  \\$k2007
=130  0\$aNo country for old men (Motion picture)$kMovie$1https://www.imdb.com/title/tt0477348
=245  10$aNo country for old men /$cMiramax Films and Paramount Vantage present a Scott Rudin/Mike Zoss production ; produced by Scott Rudin, Ethan Coen, Joel Coen ; written for the screen and directed by Joel Coen & Ethan Coen.
=257  \\$aUnited States$2naf
=264  \2$aBurbank, California :$bDistributed by Buena Vista Home Entertainment,$c[2008]
=264  \4$c©2008
=300  \\$3viewing copy$a1 videodisc (approximately 122 min.) :$bsound, color ;$c4 3/4 in.
=336  \\$atwo-dimensional moving image$btdi$2rdacontent
=337  \\$avideo$bv$2rdamedia
=338  \\$avideodisc$bvd$2rdacarrier
=336  \\$atwo-dimensional moving image$2rdacontent$0http://rdaregistry.info/termList/RDAContentType/1023
=337  \\$aaudio$2rdamedia$0http://rdaregistry.info/termList/RDAMediaType/1008
=338  \\$afilm reels$2rdacarrier$0http://rdaregistry.info/termList/RDACarrierType/1069
=340  \\$b4 3/4 in.
=344  \\$adigital$boptical$gsurround$h5.1 Uncompressed (48 kHz/24-bit)$2rda
=347  \\$avideo file$bBlu-ray$d1080p$eregion A$2rda
=380  \\$aMotion picture
=500  \\$aAspect ratio: widescreen (2.35:1).
=500  \\$aBased on the novel by Cormac McCarthy.
=500  \\$aOriginally released as a motion picture in 2007.
=500  \\$aSpecial features: Working with the Coens; the making of; diary of a country sheriff; total menus.
=500  \\$aTitle from container.
=511  1\$aTommy Lee Jones, Javier Bardem, Josh Brolin.
=520  \\$aLlewelyn Moss is a Vietnam vet who could use a break. One morning while hunting antelope, he spies several trucks surrounded by dead bodies. He decides to examine the site. He finds a case filled with {dollar}2 million and a truck loaded with heroin. Moss takes it with him, tells his wife he's going away for awhile, and hits the road until he can determine his next move. On his the way from El Paso to the Mexican border, he discovers he's being followed by ex-special ops agent Chigurh. Chigurh's weapon of choice is a cattle gun, and he uses it on everyone who gets in his way. Just as Sheriff Bell, a World War II vet, is on Moss's trail, Chigurh's former colleague, Wells, is on his.
=538  \\$aRequires Blu-ray player.
=546  \\$aEnglish dialogue; optional English subtitled for the deaf and hard of hearing; optional French or Spanish subtitles.
=586  8\$aAcademy Awards, 2008: Best Achievement in Directing; Best Motion Picture of the Year; Best Performance by an Actor in a Supporting Role (Bardem); Best Writing, Screenplay Based on Material Previously Produced or Published
=700  1\$aBardem, Javier,$d1969-$eactor.$1https://isni.org/isni/0000000121413793$4http://rdaregistry.info/Elements/e/object/P20012
=700  1\$aBrolin, Josh,$eactor.$1https://isni.org/isni/0000000109217300$4http://rdaregistry.info/Elements/e/object/P20012
=700  1\$aCoen, Ethan,$efilm director$1https://isni.org/isni/0000000121417460$efilm producer$4http://rdaregistry.info/Elements/w/object/P10013$escreenwriter$4http://rdaregistry.info/Elements/w/object/P10073$4http://rdaregistry.info/Elements/w/object/P10203
=700  1\$aCoen, Joel,$efilm director,$efilm producer,$escreenwriter.$1https://isni.org/isni/0000000120296767$4http://rdaregistry.info/Elements/w/object/P10013$4http://rdaregistry.info/Elements/w/object/P10073$4http://rdaregistry.info/Elements/w/object/P10203
=700  1\$aJones, Tommy Lee,$d1946-$eactor.$1https://isni.org/isni/000000010921736X$4http://rdaregistry.info/Elements/e/object/P20012
=700  1\$aRudin, Scott,$d1958-$efilm producer.$1https://isni.org/isni/0000000080773273$4http://rdaregistry.info/Elements/w/object/P10073
=710  2\$aBuena Vista Home Entertainment (Firm),$efilm distributor.
=710  2\$aMiramax Films,$eproduction company.
=710  2\$aParamount Vantage,$eproduction company.
=758  10$iMotion picture adaptation of (work):$aNo country for old men$1http://viaf.org/viaf/214012164$4http://rdaregistry.info/Elements/w/object/P10129
=773  0\$tSnelson (John) Collection (Library of Congress)

