=LDR  03055cgm a22004817a 4500
=001  20691857
=003  LC
=005  20230613175700.0
=007  mr\cdaafqnarp|||c------
=008  181001s2009\\\\xxu111\\\\\\\\\\\\mleng\\
=010  \\$a  2018601801
=017  \\$aPA0001661107$bU.S. Copyright Office
=130  0\$aRoad (Motion picture : 2009)$kMovie$1https://www.imdb.com/title/tt0898367
=245  14$aThe road /$ca Dimension Films release presented with 2929 Productions of a Nick Wechsler and Chockstone Pictures production ; directed by John Hillcoat ; produced by Nick Wechsler, Paula Mae Schwartz, Steve Schwartz ; screenplay by Joe Penhall.
=257  \\$aUnited States.
=260  \\$aUnited States :$bDimension,$c2009.
=300  \\$3viewing print$a12 film reels of 12 on 6 (2009 min., 9,990 ft.) :$banamorphic, sd. (opt, Dolby SR, digital, Dolby SR-D, SDDS, DTS), col. ;$c35 mm.
=336  \\$atwo-dimensional moving image$2rdacontent$0http://rdaregistry.info/termList/RDAContentType/1023
=337  \\$aaudio$2rdamedia$0http://rdaregistry.info/termList/RDAMediaType/1008
=338  \\$afilm rollsa$2rdacarrier$0http://rdaregistry.info/termList/RDACarrierType/1069
=500  \\$aAspect ratio is 2.35:1.
=500  \\$aBased on the novel by Cormac McCarthy.
=500  \\$aNot viewed.
=500  \\$aSources used: Internet movie database, October 1, 2018; Variety, September 3, 2009; Copyright catalog online.
=508  \\$aExecutive producers, Todd Wagner, Mark Cuban, Marc Butan, Rudd Simmons ; camera, Javier Aguirresarobe ; editor, Jon Gregory ; music, Nick Cave, Warren Ellis ; production designer, Chris Kennedy ; art director, Gershon Ginsburg ; set decorator, Robert Greenfield ; costume designer, Margot Wilson ; sound, Edward Tise.
=511  1\$aViggo Mortensen, Kodi Smit-McPhee, Robert Duvall, Charlize Theron, Guy Pearce.
=520  \\$a"A father (Viggo Mortensen) and son make their way across a post-apocalyptic United States in hopes of finding civilization amongst the nomadic cannibal tribes in 2929 Productions' adaptation of Cormac McCarthy's thrilling Pulitzer Prize-winning novel The Road. John Hillcoat (The Proposition) directs from a screenplay provided by Joe Penhall. Charlize Theron co-stars in the Dimension Films release"--Allmovie.com, viewed October 1, 2018.
=521  8\$aMPAA rating: R.
=700  1\$aDuvall, Robert,$ecast.$1https://isni.org/isni/0000000114558548$4http://rdaregistry.info/Elements/e/object/P20012
=700  1\$aHillcoat, John,$d1961-$edirection.$1https://isni.org/isni/0000000108589241$4http://rdaregistry.info/Elements/w/object/P10013
=700  1\$aMortensen, Viggo,$d1958-$ecast.$1https://isni.org/isni/0000000110296296$4http://rdaregistry.info/Elements/e/object/P20012
=700  1\$aPenhall, Joe,$ewriting.$1http://viaf.org/viaf/5191807$4http://rdaregistry.info/Elements/w/object/P10203
=700  1\$aSchwartz, Paula Mae,$eproduction.$1https://www.imdb.com/name/nm2445382$4http://rdaregistry.info/Elements/w/object/P10073
=700  1\$aSmit-McPhee, Kodi,$ecast.$1https://isni.org/isni/0000000114563013$4http://rdaregistry.info/Elements/e/object/P20012
=700  1\$aWechsler, Nick,$eproduction.$1https://isni.org/isni/0000000063018399$4http://rdaregistry.info/Elements/w/object/P10073
=710  2\$a2929 Productions (Firm)
=710  2\$aChockstone Pictures.
=710  2\$aCopyright Collection (Library of Congress)$5DLC
=710  2\$aDimension Films (1990- )
=710  2\$aNick Wechsler Productions.
=758  10$aThe road$1http://viaf.org/viaf/220031159$4http://rdaregistry.info/Elements/w/object/P10129
=786  18$tRoad$w(DLC) 1850709$nMAVIS

