=LDR  01045cam a2200253 a 4500
=001  3452434
=003  LC
=005  20230613175645.0
=008  921028r19931992nyu\\\\\\\\\\\000\1\eng\\
=010  \\$a   92050836 
=020  \\$a0679744398 :$c{dollar}12.00 ({dollar}16.00 Can.)
=043  \\$an-us-tx
=082  00$a813/.54$220
=100  1\$aMcCarthy, Cormac,$d1933-2023.$1http://viaf.org/viaf/29558386$4http://rdaregistry.info/Elements/w/object/P10061
=240  10$aAll the pretty horses$kNovel$1http://viaf.org/viaf/214001528
=245  10$aAll the pretty horses /$cCormac McCarthy.
=250  \\$a1st Vintage International ed.
=260  \\$aNew York :$bVintage Books,$c1993.
=300  \\$a301 p. ;$c21 cm.
=336  \\$atext$2rdacontent$0http://rdaregistry.info/termList/RDAContentType/1020
=337  \\$aunmediated$2rdamedia$0http://rdaregistry.info/termList/RDAMediaType/1007
=338  \\$avolume$2rdacarrier$0http://rdaregistry.info/termList/RDACarrierType/1049
=490  1\$aThe Border trilogy ;$vv. 1
=800  1\$aMcCarthy, Cormac,$d1933-2023.$tBorder trilogy ;$vv. 1.

