=LDR  00967cam a2200229 a 4500
=001  3908335
=003  LC
=005  20230613175629.0
=008  911010s1992\\\\nyu\\\\\\\\\\\000\1\eng\\
=010  \\$a   91058560 
=020  \\$a0394574745 :$c{dollar}21.00 ({dollar}26.50 Can.)
=082  00$a813/.54$220
=100  1\$aMcCarthy, Cormac,$d1933-2023.$1http://viaf.org/viaf/29558386$4http://rdaregistry.info/Elements/w/object/P10061
=240  10$aAll the pretty horses$kNovel$1http://viaf.org/viaf/214001528
=245  10$aAll the pretty horses /$cCormac McCarthy.
=260  \\$aNew York :$bKnopf,$c1992.
=300  \\$a301 p. ;$c22 cm.
=336  \\$atext$2rdacontent$0http://rdaregistry.info/termList/RDAContentType/1020
=337  \\$aunmediated$2rdamedia$0http://rdaregistry.info/termList/RDAMediaType/1007
=338  \\$avolume$2rdacarrier$0http://rdaregistry.info/termList/RDACarrierType/1049
=490  1\$aThe Border trilogy ;$vv. 1
=800  1\$aMcCarthy, Cormac,$d1933-2023.$tBorder trilogy ;$vv. 1.

