=LDR  01627cim a2200313 a 4500
=001  15039940
=003  LC
=005  20230613175620.0
=007  ss\lunjlcmpnue
=008  071011s1993\\\\nyunnn|\\\\\\\\f\\|\eng\d
=010  \\$a  2007658618
=028  02$aRH 290$bRandom House AudioBooks
=043  \\$an-us-tx$an-mx---
=100  1\$aMcCarthy, Cormac,$d1933-2023.$1http://viaf.org/viaf/29558386$4http://rdaregistry.info/Elements/w/object/P10061
=240  10$aAll the pretty horses$kNovel$1http://viaf.org/viaf/214001528
=245  10$aAll the pretty horses$h[sound recording] /$cby Cormac McCarthy.
=260  \\$aNew York, NY :$bRandom House AudioBooks,$cp1993.
=300  \\$a2 sound cassettes (3 hrs.) :$banalog.
=336  \\$aspoken word$2rdacontent$0http://rdaregistry.info/termList/RDAContentType/1013
=337  \\$aaudio$2rdamedia$0http://rdaregistry.info/termList/RDAMediaType/1001
=338  \\$aaudiocassette$2rdacarrier$0http://rdaregistry.info/termList/RDACarrierType/1007
=306  \\$a030000
=490  1\$aThe Border trilogy ;$vv. 1
=500  \\$aAbridged.
=500  \\$aIn container (18 cm.).
=511  0\$aRead by Brad Pitt.
=520  \\$aThe story of John Grady Cole, who at 16 finds himself at the dying end of a long line of Texas ranchers, cut off from the only life he has ever imagined for himself. To escape a society moving all the wrong directions, Cole and two companions decide to seek their fortune in Mexico. But what begins as an idyllic adventure leads to a place where dreams are paid for in blood.
=700  1\$aPitt, Brad,$d1963-$4nrt$1https://isni.org/isni/0000000114380049$4http://rdaregistry.info/Elements/e/object/P20022
=800  1\$aMcCarthy, Cormac,$d1933-2023.$tBorder trilogy ;$vv. 1.

