=LDR  01082cam a2200253 a 4500
=001  4854025
=003  LC
=005  20230613175610.0
=008  910923r19921985nyu\\\\\\\\\\\000\1\eng\\
=010  \\$a   91050742 
=020  \\$a0679728759 :$c{dollar}11.00 (Can. {dollar}14.00)
=082  00$a813/.54$220
=100  1\$aMcCarthy, Cormac,$d1933-2023.$1http://viaf.org/viaf/29558386$4http://rdaregistry.info/Elements/w/object/P10061
=240  10$aBlood meridian, or The evening redness in the west$kNovel$1http://viaf.org/viaf/191524645
=245  10$aBlood meridian, or, The evening redness in the West /$cCormac McCarthy.
=250  \\$a1st Vintage International ed.
=260  \\$aNew York :$bVintage Books,$c1992.
=300  \\$a337 p. ;$c21 cm.
=336  \\$atext$2rdacontent$0http://rdaregistry.info/termList/RDAContentType/1020
=337  \\$aunmediated$2rdamedia$0http://rdaregistry.info/termList/RDAMediaType/1007
=338  \\$avolume$2rdacarrier$0http://rdaregistry.info/termList/RDACarrierType/1049
=610  20$aGlanton Gang$vFiction.
=740  0\$aBlood meridian.
=740  0\$aEvening redness in the West.

