=LDR  01271cam a2200289 a 4500
=001  3805769
=003  LC
=005  20230613175549.0
=008  850903r19861985nyu\\\\\\\\\\\000\1\eng\\
=010  \\$a   85020600 
=020  \\$a0880010924 (pbk.) :$c{dollar}9.50
=082  00$a813/.54$219
=100  1\$aMcCarthy, Cormac,$d1933-2023.$1http://viaf.org/viaf/29558386$4http://rdaregistry.info/Elements/w/object/P10061
=240  10$aBlood meridian, or The evening redness in the west$kNovel$1http://viaf.org/viaf/191524645
=245  10$aBlood meridian, or, The evening redness in the West /$cCormac McCarthy.
=260  \\$aNew York :$bEcco Press,$c1986, c1985.
=300  \\$a337 p. ;$c21 cm.
=336  \\$atext$2rdacontent$0http://rdaregistry.info/termList/RDAContentType/1020
=337  \\$aunmediated$2rdamedia$0http://rdaregistry.info/termList/RDAMediaType/1007
=338  \\$avolume$2rdacarrier$0http://rdaregistry.info/termList/RDACarrierType/1049
=500  \\$aReprint. Originally published: New York : Random House, c1985.
=536  \\$aNEA Small Press copy:$cGrant, 1985.
=610  20$aGlanton Gang$vFiction.
=710  2\$aEcco Press$epublisher
=710  2\$aNEA Small Press Collection (Library of Congress)$5DLC
=740  0\$aBlood meridian.
=740  0\$aEvening redness in the West.

