=LDR  01139cam a2200277 a 4500
=001  481072
=003  LC
=005  20230613175544.0
=008  840716s1985\\\\nyu\\\\\\\\\\\000\1\eng\\
=010  \\$a   84042658 
=020  \\$a0394400275
=020  \\$z039454482X (jacket)
=082  00$a813/.54$219
=100  1\$aMcCarthy, Cormac,$d1933-2023.$1http://viaf.org/viaf/29558386$4http://rdaregistry.info/Elements/w/object/P10061
=240  10$aBlood meridian, or The evening redness in the west$kNovel$1http://viaf.org/viaf/191524645
=245  10$aBlood meridian, or, The evening redness in the West /$cCormac McCarthy.
=250  \\$a1st ed.
=260  \\$aNew York :$bRandom House,$cc1985.
=300  \\$a337 p. ;$c22 cm.
=336  \\$atext$2rdacontent$0http://rdaregistry.info/termList/RDAContentType/1020
=337  \\$aunmediated$2rdamedia$0http://rdaregistry.info/termList/RDAMediaType/1007
=338  \\$avolume$2rdacarrier$0http://rdaregistry.info/termList/RDACarrierType/1049
=610  20$aGlanton Gang$vFiction.
=710  2\$aRalph Ellison Collection (Library of Congress)$5DLC
=740  0\$aBlood meridian.
=740  0\$aEvening redness in the West.

