=LDR  01130cam a2200265 a 4500
=001  12145702
=003  LC
=005  20230613175533.0
=008  000817r20011985nyu\\\\\\\\\\\000\1\eng\\
=010  \\$a   00064576 
=020  \\$a0679641041 (alk. paper)
=043  \\$an-mx---$an-us-tx
=082  00$a813/.54$221
=100  1\$aMcCarthy, Cormac,$d1933-2023.$1http://viaf.org/viaf/29558386$4http://rdaregistry.info/Elements/w/object/P10061
=240  10$aBlood meridian, or The evening redness in the west$kNovel$1http://viaf.org/viaf/191524645
=245  10$aBlood meridian, or, The evening redness in the West /$cCormac McCarthy ; introduction by Harold Bloom.
=246  30$aBlood meridian
=246  30$aEvening redness in the West
=250  \\$aModern Library ed.
=260  \\$aNew York :$bModern Library,$c2001.
=300  \\$axiii, 337 p. ;$c20 cm.
=336  \\$atext$2rdacontent$0http://rdaregistry.info/termList/RDAContentType/1020
=337  \\$aunmediated$2rdamedia$0http://rdaregistry.info/termList/RDAMediaType/1007
=338  \\$avolume$2rdacarrier$0http://rdaregistry.info/termList/RDACarrierType/1049
=610  20$aGlanton Gang$vFiction.

