=LDR  01229cam a2200265 a 4500
=001  2631511
=003  LC
=005  20230613175528.0
=008  990616s1999\\\\nyu\\\\\\\\\\\000\1\eng\\
=010  \\$a   99036551 
=020  \\$a0375407936 (alk. paper)
=043  \\$an-us-nm$an-us-tx
=082  00$a813/.54$221
=100  1\$aMcCarthy, Cormac,$d1933-2023.$1http://viaf.org/viaf/29558386$4http://rdaregistry.info/Elements/w/object/P10061
=245  14$aThe border trilogy /$cCormac McCarthy.
=260  \\$aNew York :$bKnopf,$c1999.
=300  \\$a301, 425, 291 p. ;$c21 cm.
=336  \\$atext$2rdacontent$0http://rdaregistry.info/termList/RDAContentType/1020
=337  \\$aunmediated$2rdamedia$0http://rdaregistry.info/termList/RDAMediaType/1007
=338  \\$avolume$2rdacarrier$0http://rdaregistry.info/termList/RDACarrierType/1049
=490  0\$aEveryman's library ;$v261
=505  0\$aAll the pretty horses -- The crossing -- Cities of the plain.
=700  12$aMcCarthy, Cormac,$d1933-2023.$tAll the pretty horses.$1http://viaf.org/viaf/214001528
=700  12$aMcCarthy, Cormac,$d1933-2023.$tCities of the plain.$1http://viaf.org/viaf/3417153653286155900001
=700  12$aMcCarthy, Cormac,$d1933-2023.$tThe crossing.$1http://viaf.org/viaf/309357400

