=LDR  00848cam a2200229   4500
=001  3140853
=003  LC
=005  20230613175519.0
=008  730529t19741973nyu\\\\\\\\\\\000\1\eng\\
=010  \\$a   73003986 
=020  \\$a0394487710
=082  00$a813/.5/4
=100  1\$aMcCarthy, Cormac,$d1933-2023.$1http://viaf.org/viaf/29558386$4http://rdaregistry.info/Elements/w/object/P10061
=240  10$aChild of God$kNovel$1http://viaf.org/viaf/188670330
=245  10$aChild of God.
=250  \\$a[1st ed.]
=260  \\$aNew York,$bRandom House$c[1974, c1973]
=300  \\$a197 p.$c22 cm.
=336  \\$atext$2rdacontent$0http://rdaregistry.info/termList/RDAContentType/1020
=337  \\$aunmediated$2rdamedia$0http://rdaregistry.info/termList/RDAMediaType/1007
=338  \\$avolume$2rdacarrier$0http://rdaregistry.info/termList/RDACarrierType/1049
=350  \\$a{dollar}5.95

