=LDR  00913cam a2200229 a 4500
=001  2979925
=003  LC
=005  20230613175514.0
=008  920902r19931973nyu\\\\\\\\\\\000\1\eng\\
=010  \\$a   92050587 
=020  \\$a0679728740 :$c{dollar}10.00 ({dollar}13.00 Can.)
=043  \\$an-us-tn
=082  00$a813/.54$220
=100  1\$aMcCarthy, Cormac,$d1933-2023.$1http://viaf.org/viaf/29558386$4http://rdaregistry.info/Elements/w/object/P10061
=240  10$aChild of God$kNovel$1http://viaf.org/viaf/188670330
=245  10$aChild of God /$cCormac McCarthy.
=250  \\$a1st Vintage International ed.
=260  \\$aNew York :$bVintage Books,$c1993.
=300  \\$a197 p. ;$c21 cm.
=336  \\$atext$2rdacontent$0http://rdaregistry.info/termList/RDAContentType/1020
=337  \\$aunmediated$2rdamedia$0http://rdaregistry.info/termList/RDAMediaType/1007
=338  \\$avolume$2rdacarrier$0http://rdaregistry.info/termList/RDACarrierType/1049

