=LDR  00924cam a2200217 a 4500
=001  4734416
=003  LC
=005  20230613175509.0
=008  840406r19841973nyu\\\\\\\\\\\000\1\eng\\
=010  \\$a   84047972 
=020  \\$a0880010657 (pbk.) :$c{dollar}7.50
=082  00$a813/.54$219
=100  1\$aMcCarthy, Cormac,$d1933-2023.$1http://viaf.org/viaf/29558386$4http://rdaregistry.info/Elements/w/object/P10061
=240  10$aChild of God$kNovel$1http://viaf.org/viaf/188670330
=245  10$aChild of God /$cCormac McCarthy.
=260  \\$aNew York :$bEcco Press,$c1984, c1973.
=300  \\$a197 p. ;$c21 cm.
=336  \\$atext$2rdacontent$0http://rdaregistry.info/termList/RDAContentType/1020
=337  \\$aunmediated$2rdamedia$0http://rdaregistry.info/termList/RDAMediaType/1007
=338  \\$avolume$2rdacarrier$0http://rdaregistry.info/termList/RDACarrierType/1049
=500  \\$aReprint. Originally published: New York : Random House, 1974, c1973.

