=LDR  00833cam a2200205 i 4500
=001  1277546
=003  LC
=005  20230613175502.0
=008  750926s1975\\\\enk\\\\\\\\\\\000\1\eng\\
=010  \\$a   75325424 
=020  \\$a0701120959 :$c£2.50
=082  00$a813/.5/4
=100  1\$aMcCarthy, Cormac,$d1933-2023.$1http://viaf.org/viaf/29558386$4http://rdaregistry.info/Elements/w/object/P10061
=240  10$aChild of God$kNovel$1http://viaf.org/viaf/188670330
=245  10$aChild of God /$cCormac McCarthy.
=260  \\$aLondon :$bChatto and Windus,$c1975.
=300  \\$a[4], 197 p. ;$c21 cm.
=336  \\$atext$2rdacontent$0http://rdaregistry.info/termList/RDAContentType/1020
=337  \\$aunmediated$2rdamedia$0http://rdaregistry.info/termList/RDAMediaType/1007
=338  \\$avolume$2rdacarrier$0http://rdaregistry.info/termList/RDACarrierType/1049

