=LDR  01020cam a2200241 a 4500
=001  4505542
=003  LC
=005  20230613175457.0
=008  980226s1998\\\\nyu\\\\\\\\\\\000\1\eng\\
=010  \\$a   98011583 
=020  \\$a0679423907 (alk. paper)
=082  00$a813/.54$221
=100  1\$aMcCarthy, Cormac,$d1933-2023.$1http://viaf.org/viaf/29558386$4http://rdaregistry.info/Elements/w/object/P10061
=240  14$aCities of the plain$kNovel$1http://viaf.org/viaf/3417153653286155900001
=245  10$aCities of the plain /$cCormac McCarthy.
=250  \\$a1st ed.
=260  \\$aNew York :$bKnopf :$bDistributed by Random House,$c1998.
=300  \\$a291 p. ;$c22 cm.
=336  \\$atext$2rdacontent$0http://rdaregistry.info/termList/RDAContentType/1020
=337  \\$aunmediated$2rdamedia$0http://rdaregistry.info/termList/RDAMediaType/1007
=338  \\$avolume$2rdacarrier$0http://rdaregistry.info/termList/RDACarrierType/1049
=490  1\$aThe border trilogy ;$vv. 3
=800  1\$aMcCarthy, Cormac,$d1933-2023.$tBorder trilogy ;$vv. 3.

