=LDR  01116cam a2200265 i 4500
=001  17664040
=003  LC
=005  20230613175445.0
=008  130318s2013\\\\nyu\\\\\\\\\\\000\d\eng\\
=010  \\$a  2013004415
=020  \\$a9780345803597 (pbk.)
=020  \\$z9780345803603 (ebk.)
=082  00$a812/.54$223
=100  1\$aMcCarthy, Cormac,$d1933-2023.$1http://viaf.org/viaf/29558386$4http://rdaregistry.info/Elements/w/object/P10061
=240  14$aThe counselor$kScreenplay$1http://viaf.org/viaf/29558386/counselor
=245  14$aThe counselor :$ba screenplay /$cCormac McCarthy.
=250  \\$aFirst Vintage International Edition.
=264  \1$aNew York :$bVintage International, Vintage Books, A Division of Random House, LLC,$c[2013]
=300  \\$a184 pages ;$c21 cm
=336  \\$atext$2rdacontent
=337  \\$aunmediated$2rdamedia
=338  \\$avolume$2rdacarrier
=336  \\$atext$2rdacontent$0http://rdaregistry.info/termList/RDAContentType/1020
=337  \\$aunmediated$2rdamedia$0http://rdaregistry.info/termList/RDAMediaType/1007
=338  \\$avolume$2rdacarrier$0http://rdaregistry.info/termList/RDACarrierType/1049

