=LDR  01122cam a2200265 a 4500
=001  2540110
=003  LC
=005  20231011062637.0
=008  940124s1994\\\\nyu\\\\\\\\\\\000\1\eng\\
=010  \\$a   94004281 
=020  \\$a0394574753 :$c{dollar}23.00 ({dollar}29.95 Can.)
=043  \\$an-us-nm
=082  00$a813/.54$220
=100  1\$aMcCarthy, Cormac,$d1933-2023.$1http://viaf.org/viaf/29558386$4http://rdaregistry.info/Elements/w/object/P10061
=240  14$aThe crossing$kNovel$1http://viaf.org/viaf/309357400
=245  14$aThe crossing /$cby Cormac McCarthy.
=250  \\$a1st ed.
=260  \\$aNew York :$bA.A. Knopf :$bDistributed by Random House,$c1994.
=300  \\$a425 p. ;$c22 cm.
=336  \\$atext$2rdacontent$0http://rdaregistry.info/termList/RDAContentType/1020
=337  \\$aunmediated$2rdamedia$0http://rdaregistry.info/termList/RDAMediaType/1007
=338  \\$avolume$2rdacarrier$0http://rdaregistry.info/termList/RDACarrierType/1049
=490  1\$aThe Border trilogy ;$vv. 2
=710  2\$aGene Berry and Jeffrey Campbell Collection (Library of Congress)$5DLC
=800  1\$aMcCarthy, Cormac,$d1933-2023.$tBorder trilogy ;$vv. 2.

