=LDR  01650cim a2200337 a 4500
=001  15039860
=003  LC
=005  20230613175746.0
=007  ss\lunjlcmpnue
=008  071011s1994\\\\nyunnn|\\\\\\\\f\\|\eng\d
=010  \\$a  2007658617
=020  \\$a0679427031
=024  3\$a9780679427032
=028  02$aRH 343$bRandom House AudioBooks
=043  \\$an-us-nm
=100  1\$aMcCarthy, Cormac,$d1933-2023.$1http://viaf.org/viaf/29558386$4http://rdaregistry.info/Elements/w/object/P10061
=240  14$aThe crossing$kNovel$1http://viaf.org/viaf/309357400
=245  14$aThe crossing$h[sound recording] /$cby Cormac McCarthy.
=260  \\$aNew York, NY :$bRandom House AudioBooks,$cp1994.
=300  \\$a2 sound cassettes (3 hr.) :$banalog.
=336  \\$aspoken word$2rdacontent$0http://rdaregistry.info/termList/RDAContentType/1013
=337  \\$aaudio$2rdamedia$0http://rdaregistry.info/termList/RDAMediaType/1001
=338  \\$aaudiocassette$2rdacarrier$0http://rdaregistry.info/termList/RDACarrierType/1007
=306  \\$a030000
=490  1\$aBorder trilogy ;$vv. 2
=500  \\$aAbridged.
=500  \\$aIn container (18 cm.).
=511  0\$aRead by Brad Pitt.
=520  \\$aBilly and Boyd Parham are two boys living in New Mexico on the cusp of unimaginable events in the years before the Second World War. First comes a trespassing Indian and the dream of wolves running wild among cattle. Billy traps a she-wolf, intending to restore it to the mountains of New Mexico. But when he returns, he finds everything he left behind utterly transformed.
=700  1\$aPitt, Brad,$d1963-$4nrt$1https://isni.org/isni/0000000114380049$4http://rdaregistry.info/Elements/e/object/P20022
=800  1\$aMcCarthy, Cormac,$d1933-2023.$tBorder trilogy ;$vv. 2.

