=LDR  01036cam a2200241 a 4500
=001  2578640
=003  LC
=005  20230705211113.0
=008  960312s1996\\\\nju\\\\\\\\\\\000\0\eng\\
=010  \\$a   96013611 
=020  \\$a0880014814 (case)
=082  00$a791.43/72$220
=100  1\$aMcCarthy, Cormac,$d1933-2023.$1http://viaf.org/viaf/29558386$4http://rdaregistry.info/Elements/w/object/P10061
=240  14$aThe gardener's son$kScreenplay$1http://viaf.org/viaf/29558386/gardenersson
=245  14$aThe Gardener's son :$ba screenplay /$cCormac McCarthy.
=250  \\$a1st ed.
=260  \\$aHopewell, N.J. :$bEcco Press,$c1996.
=300  \\$ax, 93 p. ;$c20 cm.
=336  \\$atext$2rdacontent$0http://rdaregistry.info/termList/RDAContentType/1020
=337  \\$aunmediated$2rdamedia$0http://rdaregistry.info/termList/RDAMediaType/1007
=338  \\$avolume$2rdacarrier$0http://rdaregistry.info/termList/RDACarrierType/1049
=710  2\$aGene Berry and Jeffrey Campbell Collection (Library of Congress)$5DLC
=730  0\$aGardener's son (Motion picture)

