=LDR  00880cam a2200229 a 4500
=001  13813164
=003  LC
=005  20230613175412.0
=008  041213s2005\\\\nyu\\\\\\\\\\\000\1\eng\\
=010  \\$a  2004064903
=020  \\$a0375406778
=043  \\$an-us-tx
=082  00$a813/.54$222
=100  1\$aMcCarthy, Cormac,$d1933-2023.$1http://viaf.org/viaf/29558386$4http://rdaregistry.info/Elements/w/object/P10061
=240  10$aNo country for old men$kNovel$1http://viaf.org/viaf/214012164
=245  10$aNo country for old men /$cCormac McCarthy.
=250  \\$a1st ed.
=260  \\$aNew York :$bKnopf,$c2005.
=300  \\$a309 p. ;$c22 cm.
=336  \\$atext$2rdacontent$0http://rdaregistry.info/termList/RDAContentType/1020
=337  \\$aunmediated$2rdamedia$0http://rdaregistry.info/termList/RDAMediaType/1007
=338  \\$avolume$2rdacarrier$0http://rdaregistry.info/termList/RDACarrierType/1049

