=LDR  00753cam a22001811  4500
=001  8474754
=003  LC
=005  20230613175406.0
=008  750905t19661965xx\\\\\\\\\\\\000\1\eng\\
=010  \\$a   66073287 
=100  1\$aMcCarthy, Cormac,$d1933-2023.$1http://viaf.org/viaf/29558386$4http://rdaregistry.info/Elements/w/object/P10061
=240  14$aThe orchard keeper$kNovel$1http://viaf.org/viaf/191907343
=245  14$aThe orchard keeper.
=260  \\$aLondon,$bDeutsch,$c1966 [c1965]
=300  \\$a246 p.$c21 cm.
=336  \\$atext$2rdacontent$0http://rdaregistry.info/termList/RDAContentType/1020
=337  \\$aunmediated$2rdamedia$0http://rdaregistry.info/termList/RDAMediaType/1007
=338  \\$avolume$2rdacarrier$0http://rdaregistry.info/termList/RDACarrierType/1049

