=LDR  01077cam a22002411  4500
=001  8928727
=003  LC
=005  20230613175401.0
=008  741007s1965\\\\nyu\\\\\\\\\\\000\1\eng\\
=010  \\$a   65010456 
=051  \\$aA/VII/1$bCopy 1$cPaperback
=100  1\$aMcCarthy, Cormac,$d1933-2023.$1http://viaf.org/viaf/29558386$4http://rdaregistry.info/Elements/w/object/P10061
=240  14$aThe orchard keeper$kNovel$1http://viaf.org/viaf/191907343
=245  14$aThe orchard keeper.
=260  \\$aNew York,$bRandom House$c[1965]
=300  \\$a246 p.$c22 cm.
=336  \\$atext$2rdacontent$0http://rdaregistry.info/termList/RDAContentType/1020
=337  \\$aunmediated$2rdamedia$0http://rdaregistry.info/termList/RDAMediaType/1007
=338  \\$avolume$2rdacarrier$0http://rdaregistry.info/termList/RDACarrierType/1049
=500  \\$aEnthusiastic note of praise for book and author on the stationary of Ralph Ellison inserted.$5DLC
=500  \\$aReview copy?.
=500  \\$aSigned by Ralph Ellison on front free endpaper.$5DLC
=710  2\$aRalph Ellison Collection (Library of Congress)$5DLC

