=LDR  01024cam a2200241 a 4500
=001  3925903
=003  LC
=005  20230613175356.0
=008  920624r19931965nyu\\\\\\\\\\\000\1\eng\\
=010  \\$a   92056360 
=020  \\$a0679728724 (pbk.) :$c{dollar}11.00 ({dollar}14.00 Can.)
=043  \\$an-us-tn
=082  00$a813/.54$220
=100  1\$aMcCarthy, Cormac,$d1933-2023.$1http://viaf.org/viaf/29558386$4http://rdaregistry.info/Elements/w/object/P10061
=240  14$aThe orchard keeper$kNovel$1http://viaf.org/viaf/191907343
=245  14$aThe orchard keeper /$cCormac McCarthy.
=250  \\$a1st Vintage International ed.
=260  \\$aNew York :$bVintage Books,$c1993.
=300  \\$a246 p. ;$c21 cm.
=336  \\$atext$2rdacontent$0http://rdaregistry.info/termList/RDAContentType/1020
=337  \\$aunmediated$2rdamedia$0http://rdaregistry.info/termList/RDAMediaType/1007
=338  \\$avolume$2rdacarrier$0http://rdaregistry.info/termList/RDACarrierType/1049
=500  \\$aOriginally published in hardcover by Random House, inc., New York, in 1965.

