=LDR  00977cam a2200229 a 4500
=001  4695797
=003  LC
=005  20230613175351.0
=008  820218r19821965nyu\\\\\\\\\\\000\1\eng\\
=010  \\$a   82002342 
=020  \\$a0880010096 (pbk.)
=082  00$a813/.54$219
=100  1\$aMcCarthy, Cormac,$d1933-2023.$1http://viaf.org/viaf/29558386$4http://rdaregistry.info/Elements/w/object/P10061
=240  14$aThe orchard keeper$kNovel$1http://viaf.org/viaf/191907343
=245  14$aThe orchard keeper /$cCormac McCarthy.
=260  \\$aNew York :$bEcco Press,$c1982, c1965.
=300  \\$a246 p. ;$c20 cm.
=336  \\$atext$2rdacontent$0http://rdaregistry.info/termList/RDAContentType/1020
=337  \\$aunmediated$2rdamedia$0http://rdaregistry.info/termList/RDAMediaType/1007
=338  \\$avolume$2rdacarrier$0http://rdaregistry.info/termList/RDACarrierType/1049
=440  \0$aNeglected books of the twentieth century
=500  \\$aReprint. Originally published: New York : Random House, 1965.

