=LDR  00939cam a22002291  4500
=001  3120806
=003  LC
=005  20230613175345.0
=008  700901s1968\\\\nyu\\\\\\\\\\\000\1\eng\\
=010  \\$a   68014496 
=051  \\$aB/III/3$bCopy 1$cHardcover / dustjacket
=100  1\$aMcCarthy, Cormac,$d1933-2023.$1http://viaf.org/viaf/29558386$4http://rdaregistry.info/Elements/w/object/P10061
=240  10$aOuter dark$kNovel$1http://viaf.org/viaf/215254416
=245  10$aOuter dark.
=260  \\$aNew York,$bRandom House$c[1968]
=300  \\$a242 p.$c22 cm.
=336  \\$atext$2rdacontent$0http://rdaregistry.info/termList/RDAContentType/1020
=337  \\$aunmediated$2rdamedia$0http://rdaregistry.info/termList/RDAMediaType/1007
=338  \\$avolume$2rdacarrier$0http://rdaregistry.info/termList/RDACarrierType/1049
=350  \\$a4.95
=500  \\$aBookmark with notes on it inserted.$5DLC
=710  2\$aRalph Ellison Collection (Library of Congress)$5DLC

