=LDR  00884cam a2200217 a 4500
=001  617886
=003  LC
=005  20230613175338.0
=008  920902r19931968nyu\\\\\\\\\\\000\1\eng\\
=010  \\$a   92050588 
=020  \\$a0679728732 :$c{dollar}10.00 ({dollar}13.00 Can.)
=082  00$a813/.54$220
=100  1\$aMcCarthy, Cormac,$d1933-2023.$1http://viaf.org/viaf/29558386$4http://rdaregistry.info/Elements/w/object/P10061
=240  10$aOuter dark$kNovel$1http://viaf.org/viaf/215254416
=245  10$aOuter dark /$cCormac McCarthy.
=250  \\$a1st Vintage International ed.
=260  \\$aNew York :$bVintage Books,$c1993.
=300  \\$a242 p. ;$c20 cm.
=336  \\$atext$2rdacontent$0http://rdaregistry.info/termList/RDAContentType/1020
=337  \\$aunmediated$2rdamedia$0http://rdaregistry.info/termList/RDAMediaType/1007
=338  \\$avolume$2rdacarrier$0http://rdaregistry.info/termList/RDACarrierType/1049

