=LDR  00835cam a2200205 a 4500
=001  2367830
=003  LC
=005  20230613175333.0
=008  840326t19841968nyu\\\\\\\\\\\000\1\eng\\
=010  \\$a   84006091 
=020  \\$a0880010649 (pbk.) :$c{dollar}7.50
=082  00$a813/.54$219
=100  1\$aMcCarthy, Cormac,$d1933-2023.$1http://viaf.org/viaf/29558386$4http://rdaregistry.info/Elements/w/object/P10061
=240  10$aOuter dark$kNovel$1http://viaf.org/viaf/215254416
=245  10$aOuter dark /$cCormac McCarthy.
=260  \\$aNew York :$bEcco Press,$c1984, c1968.
=300  \\$a242 p. ;$c21 cm.
=336  \\$atext$2rdacontent$0http://rdaregistry.info/termList/RDAContentType/1020
=337  \\$aunmediated$2rdamedia$0http://rdaregistry.info/termList/RDAMediaType/1007
=338  \\$avolume$2rdacarrier$0http://rdaregistry.info/termList/RDACarrierType/1049

