=LDR  02055cam a2200361 i 4500
=001  22464972
=003  LC
=005  20230613175327.0
=008  220314t20222022nyu\\\\\\\\\\\000\1\eng\d
=010  \\$a  2022934753
=020  \\$a0307268993$q(hardcover)
=020  \\$a1524712396$q(paperback)
=020  \\$a9780307268990$q(hardcover)
=020  \\$a9781524712396$q(open market)
=020  \\$a9781524712396$q(paperback)
=020  \\$z9780593535226$q(ebook)
=043  \\$an-usu--
=082  04$a813/.54$223/eng/20221003
=100  1\$aMcCarthy, Cormac,$d1933-2023,$eauthor.$1http://viaf.org/viaf/29558386$4http://rdaregistry.info/Elements/w/object/P10061
=240  14$aThe passenger$kNovel$1http://viaf.org/viaf/470166838899836200007
=245  14$aThe passenger /$cCormac McCarthy.
=250  \\$aFirst edition.
=264  \1$aNew York :$bAlfred A. Knopf,$c2022.
=264  \4$c©2022
=300  \\$a383 pages ;$c25 cm
=336  \\$atext$btxt$2rdacontent
=337  \\$aunmediated$bn$2rdamedia
=338  \\$avolume$bnc$2rdacarrier
=336  \\$atext$2rdacontent$0http://rdaregistry.info/termList/RDAContentType/1020
=337  \\$aunmediated$2rdamedia$0http://rdaregistry.info/termList/RDAMediaType/1007
=338  \\$avolume$2rdacarrier$0http://rdaregistry.info/termList/RDACarrierType/1049
=500  \\$a"This is a Borzoi book"--Title page verso.
=520  \\$a"Pass Christian, Mississippi, 1980: It is three in the morning when Bobby Western zips up the jacket of his wet suit and plunges from a Coast Guard tender into darkness. His dive light illuminates the sunken jet, nine bodies still buckled in their seats, hair floating, eyes devoid of speculation. Missing from the crash site are the pilot's flight bag, the plane's black box, and the tenth passenger. But how? A collateral witness to machinations that can only bring him harm, Western is shadowed in body and spirit--by men with badges; by the ghost of his father, an inventor of the bomb that melted glass and flesh in Hiroshima; and by his sister, the love and ruin of his soul."--Dust jacket flap.

