=LDR  00877cam a2200217 a 4500
=001  15975175
=003  LC
=005  20230613175318.0
=008  091105r20092006nyu\\\\\\\\\\\000\1\eng\\
=010  \\$a  2009517518
=020  \\$a9780307476302 (pbk.)
=082  00$a813/.54$222
=100  1\$aMcCarthy, Cormac,$d1933-2023.$1http://viaf.org/viaf/29558386$4http://rdaregistry.info/Elements/w/object/P10061
=240  14$aThe road$kNovel$1http://viaf.org/viaf/220031159
=245  14$aThe road /$cCormac McCarthy.
=250  \\$a1st Vintage International ed.
=260  \\$aNew York :$bVintage International,$c[2009]
=300  \\$a287 p. ;$c21 cm.
=336  \\$atext$2rdacontent$0http://rdaregistry.info/termList/RDAContentType/1020
=337  \\$aunmediated$2rdamedia$0http://rdaregistry.info/termList/RDAMediaType/1007
=338  \\$avolume$2rdacarrier$0http://rdaregistry.info/termList/RDACarrierType/1049

