=LDR  00877cam a22002175a 4500
=001  15471094
=003  LC
=005  20230613175313.0
=008  081001r20082006nyu\\\\\\\\\\\000\1\eng\\
=010  \\$a  2008277520
=020  \\$a9780307455291 (pbk.)
=082  00$a813/.54$222
=100  1\$aMcCarthy, Cormac,$d1933-2023.$1http://viaf.org/viaf/29558386$4http://rdaregistry.info/Elements/w/object/P10061
=240  14$aThe road$kNovel$1http://viaf.org/viaf/220031159
=245  14$aThe road /$cCormac McCarthy.
=250  \\$a1st Vintage International ed.
=260  \\$aNew York :$bVintage International,$cc2008.
=300  \\$a287 p. ;$c21 cm.
=336  \\$atext$2rdacontent$0http://rdaregistry.info/termList/RDAContentType/1020
=337  \\$aunmediated$2rdamedia$0http://rdaregistry.info/termList/RDAMediaType/1007
=338  \\$avolume$2rdacarrier$0http://rdaregistry.info/termList/RDACarrierType/1049

