=LDR  01104cam a2200253 a 4500
=001  14455973
=003  LC
=005  20231011062650.0
=008  060717s2006\\\\nyu\\\\\\\\\\\000\1\eng\\
=010  \\$a  2006023629
=020  \\$a0307265439
=020  \\$a9780307265432
=082  00$a813/.54$222
=100  1\$aMcCarthy, Cormac,$d1933-2023.$1http://viaf.org/viaf/29558386$4http://rdaregistry.info/Elements/w/object/P10061
=240  14$aThe road$kNovel$1http://viaf.org/viaf/220031159
=245  14$aThe road /$cCormac McCarthy.
=250  \\$a1st ed.
=260  \\$aNew York :$bAlfred A. Knopf,$c2006.
=300  \\$a241 p. ;$c25 cm.
=336  \\$atext$2rdacontent$0http://rdaregistry.info/termList/RDAContentType/1020
=337  \\$aunmediated$2rdamedia$0http://rdaregistry.info/termList/RDAMediaType/1007
=338  \\$avolume$2rdacarrier$0http://rdaregistry.info/termList/RDACarrierType/1049
=500  \\$aWinner of the Pulitzer Prize in 2006 as well as the James Tait Black Memorial Prize for Fiction. McCarthy is a 1981 MacArthur Fellow.
=710  2\$aGene Berry and Jeffrey Campbell Collection (Library of Congress)$5DLC

