=LDR  02784cam a2200397 i 4500
=001  22464976
=003  LC
=005  20230613180744.0
=007  ta
=008  220314t20222022nyu\\\\\\\\\\\000\1\eng\d
=010  \\$a  2022934755
=020  \\$a0307269000$q(hardcover)
=020  \\$a9780307269003$q(hardcover)
=020  \\$z0593535235$q(ebook)
=020  \\$z152471240X$q(open market edition)
=020  \\$z9780593535233$q(ebook)
=020  \\$z9781524712402$q(open market edition)
=037  \\$bRandom House Inc, Attn Order Entry 400 Hahn rd, Westminster, MD, USA, 21157$nSAN 201-3975
=043  \\$an-us-wi
=082  04$a813/.54$223
=100  1\$aMcCarthy, Cormac,$d1933-2023,$eauthor.$1http://viaf.org/viaf/29558386$4http://rdaregistry.info/Elements/w/object/P10061
=240  14$aStella Maris$kNovel$1http://viaf.org/viaf/470166838899836200007/stellamaris
=245  10$aStella Maris /$cCormac McCarthy.
=250  \\$aFirst edition.
=264  \1$aNew York :$bAlfred A. Knopf,$c2022.
=264  \4$c©2022
=300  \\$a189 pages ;$c25 cm
=336  \\$atext$2rdacontent$0http://rdaregistry.info/termList/RDAContentType/1020
=337  \\$aunmediated$2rdamedia$0http://rdaregistry.info/termList/RDAMediaType/1007
=338  \\$avolume$2rdacarrier$0http://rdaregistry.info/termList/RDACarrierType/1049
=336  \\$atext$btxt$2rdacontent
=337  \\$aunmediated$bn$2rdamedia
=338  \\$avolume$bnc$2rdacarrier
=500  \\$a"This is a Borzoi book"-- Title page verso.
=500  \\$aSequel to: The Passenger.
=520  \\$a"From the best-selling, Pulitzer Prize-winning author of The Road comes the second volume of a two-volume masterpiece: Stella Maris is an intimate portrait of grief and longing, as a young woman in a psychiatric facility seeks to understand her own existence. Black River Falls, Wisconsin, 1972: Alicia Western, twenty years old, with forty thousand dollars in a plastic bag, admits herself to the hospital. A doctoral candidate in mathematics at the University of Chicago, Alicia has been diagnosed with paranoid schizophrenia, and she does not want to talk about her brother, Bobby. Instead, she contemplates the nature of madness, the human insistence on one common experience of the world; she recalls a childhood where, by the age of seven, her own grandmother feared for her; she surveys the intersection of physics and philosophy; and she introduces her cohorts, her chimeras, the hallucinations that only she can see. All the while, she grieves for Bobby, not quite dead, not quite hers. Told entirely through the transcripts of Alicia's psychiatric sessions, Stella Maris is a searching, rigorous, intellectually challenging coda to The Passenger, a philosophical inquiry that questions our notions of God, truth, and existence"--$cDust jacket flap.

