=LDR  01023cam a22002173u 4500
=001  23017180
=003  LC
=005  20231011062617.0
=008  230313s1994\\\\nyu\\\\\\\\\\\000\0\eng\\
=010  \\$a  2021775640
=100  1\$aMcCarthy, Cormac,$d1933-2023.$1http://viaf.org/viaf/29558386$4http://rdaregistry.info/Elements/w/object/P10061
=240  14$aThe stonemason$kPlay$1http://viaf.org/viaf/8419162723677961290005
=245  10$aStonemason:$bA Play in five acts.
=260  \\$aNew York :$bEcco,$c1994.
=300  \\$a1 v.
=336  \\$atext$2rdacontent$0http://rdaregistry.info/termList/RDAContentType/1020
=337  \\$aunmediated$2rdamedia$0http://rdaregistry.info/termList/RDAMediaType/1007
=338  \\$avolume$2rdacarrier$0http://rdaregistry.info/termList/RDACarrierType/1049
=561  \\$aBerry-Campbell copy: [What may be a remainder mark on bottom edge].$5DLC
=561  \\$aLC copy: Donated to the Library by Gene Berry and Jeffrey Campbell.$5DLC
=710  2\$aGene Berry and Jeffrey Campbell Collection (Library of Congress)$5DLC

