=LDR  00966pam a2200241 a 4500
=001  1614831
=003  LC
=005  20230613175244.0
=008  950307r19951994nyu\\\\\\\\\\\000\0\eng\\
=010  \\$a   95013084 
=020  \\$a0679762809
=043  \\$an-us-ky
=082  00$a812/.54$220
=100  1\$aMcCarthy, Cormac,$d1933-2023.$1http://viaf.org/viaf/29558386$4http://rdaregistry.info/Elements/w/object/P10061
=240  14$aThe stonemason$kPlay$1http://viaf.org/viaf/8419162723677961290005
=245  14$aThe stonemason :$ba play in five acts /$cCormac McCarthy.
=250  \\$a1st Vintage International ed.
=260  \\$aNew York :$bVintage Books,$c1995.
=300  \\$a133 p. ;$c21 cm.
=336  \\$atext$2rdacontent$0http://rdaregistry.info/termList/RDAContentType/1020
=337  \\$aunmediated$2rdamedia$0http://rdaregistry.info/termList/RDAMediaType/1007
=338  \\$avolume$2rdacarrier$0http://rdaregistry.info/termList/RDACarrierType/1049
=490  0\$aVintage International

