=LDR  00918cam a2200229 a 4500
=001  4889850
=003  LC
=005  20230613175239.0
=008  931015s1994\\\\nju\\\\\\\\\\\000\0\eng\\
=010  \\$a   93041252 
=020  \\$a0880013591 :$c{dollar}19.95
=043  \\$an-us-ky
=082  00$a812/.54$220
=100  1\$aMcCarthy, Cormac,$d1933-2023.$1http://viaf.org/viaf/29558386$4http://rdaregistry.info/Elements/w/object/P10061
=240  14$aThe stonemason$kPlay$1http://viaf.org/viaf/8419162723677961290005
=245  14$aThe stonemason :$ba play in five acts /$cCormac McCarthy.
=250  \\$a1st ed.
=260  \\$aHopewell, NJ :$bEcco Press,$cc1994.
=300  \\$a133 p. ;$c22 cm.
=336  \\$atext$2rdacontent$0http://rdaregistry.info/termList/RDAContentType/1020
=337  \\$aunmediated$2rdamedia$0http://rdaregistry.info/termList/RDAMediaType/1007
=338  \\$avolume$2rdacarrier$0http://rdaregistry.info/termList/RDACarrierType/1049

