=LDR  01001cam a2200241 a 4500
=001  14471704
=003  LC
=005  20230613175233.0
=008  060728s2006\\\\nyu\\\\\\\\\\\000\1\eng\\
=010  \\$a  2006049148
=020  \\$a0307278360
=020  \\$a9780307278364
=082  00$a813/.54$222
=100  1\$aMcCarthy, Cormac,$d1933-2023.$1http://viaf.org/viaf/29558386$4http://rdaregistry.info/Elements/w/object/P10061
=240  14$aThe Sunset Limited$kNovel$1http://viaf.org/viaf/4440159478236227990002
=245  14$aThe Sunset Limited :$ba novel in dramatic form /$cCormac McCarthy.
=250  \\$a1st Vintage International ed.
=260  \\$aNew York :$bVintage Books,$c2006.
=300  \\$a143 p. ;$c21 cm.
=336  \\$atext$2rdacontent$0http://rdaregistry.info/termList/RDAContentType/1020
=337  \\$aunmediated$2rdamedia$0http://rdaregistry.info/termList/RDAMediaType/1007
=338  \\$avolume$2rdacarrier$0http://rdaregistry.info/termList/RDACarrierType/1049
=500  \\$a"A Vintage International original."

