=LDR  00881cam a2200229 a 4500
=001  12818163
=003  LC
=005  20230613175227.0
=008  020614r20021979nyu\\\\\\\\\\\000\1\eng\\
=010  \\$a  2002026301
=020  \\$a067964265X (acid-free paper)
=043  \\$an-us-tn
=082  00$a813/.54$221
=100  1\$aMcCarthy, Cormac,$d1933-2023.$1http://viaf.org/viaf/29558386$4http://rdaregistry.info/Elements/w/object/P10061
=240  1\$aSuttree$1http://viaf.org/viaf/188298726
=245  10$aSuttree /$cCormac McCarthy.
=250  \\$aModern Library ed.
=260  \\$aNew York :$bModern Library,$c2002.
=300  \\$a471 p. ;$c20 cm.
=336  \\$atext$2rdacontent$0http://rdaregistry.info/termList/RDAContentType/1020
=337  \\$aunmediated$2rdamedia$0http://rdaregistry.info/termList/RDAMediaType/1007
=338  \\$avolume$2rdacarrier$0http://rdaregistry.info/termList/RDACarrierType/1049

