=LDR  00902cam a2200229 a 4500
=001  2407281
=003  LC
=005  20230613175221.0
=008  860827t19861979nyu\\\\\\\\\\\000\1\eng\\
=010  \\$a   86040171 
=020  \\$a0394741455 (pbk.) :$c{dollar}6.95
=082  00$a813/.54$219
=100  1\$aMcCarthy, Cormac,$d1933-2023.$1http://viaf.org/viaf/29558386$4http://rdaregistry.info/Elements/w/object/P10061
=240  1\$aSuttree$1http://viaf.org/viaf/188298726
=245  10$aSuttree /$cCormac McCarthy.
=250  \\$a1st Vintage Books ed.
=260  \\$aNew York :$bVintage Books,$c1986, c1979.
=300  \\$a471 p. ;$c21 cm.
=336  \\$atext$2rdacontent$0http://rdaregistry.info/termList/RDAContentType/1020
=337  \\$aunmediated$2rdamedia$0http://rdaregistry.info/termList/RDAMediaType/1007
=338  \\$avolume$2rdacarrier$0http://rdaregistry.info/termList/RDACarrierType/1049
=490  0\$aVintage contemporaries

