=LDR  01029cam a2200265 i 4500
=001  2265807
=003  LC
=005  20230613175215.0
=008  781023s1979\\\\nyu\\\\\\\\\\\000\1\eng\\
=010  \\$a   78057101 
=020  \\$a0394482131
=043  \\$an-us-tn
=051  \\$aB/III/4$bCopy 1$cHardcover / dustjacket
=082  00$a813/.5/4
=100  1\$aMcCarthy, Cormac,$d1933-2023.$1http://viaf.org/viaf/29558386$4http://rdaregistry.info/Elements/w/object/P10061
=240  1\$aSuttree$1http://viaf.org/viaf/188298726
=245  10$aSuttree /$cCormac McCarthy.
=250  \\$a1st ed.
=260  \\$aNew York :$bRandom House,$cc1979.
=300  \\$a471 p. ;$c22 cm.
=336  \\$atext$2rdacontent$0http://rdaregistry.info/termList/RDAContentType/1020
=337  \\$aunmediated$2rdamedia$0http://rdaregistry.info/termList/RDAMediaType/1007
=338  \\$avolume$2rdacarrier$0http://rdaregistry.info/termList/RDACarrierType/1049
=500  \\$aNew York Times book review inserted.$5DLC
=710  2\$aRalph Ellison Collection (Library of Congress)$5DLC

