=LDR  06292cam a2200925 i 4500
=001  21222329
=003  LC
=005  20230613175200.0
=008  190930t20202019nyu\\\\\\\\\\\000\e\eng\d
=010  \\$a  2019951661
=020  \\$a0374261164$q(hardcover)
=020  \\$a9780374261160$q(hardcover)
=024  3\$a9780374261160
=082  04$a824.92$223
=100  1\$aWood, James,$d1965-$eauthor.$1http://viaf.org/viaf/92910249$4http://rdaregistry.info/Elements/w/object/P10061
=240  00$aSerious noticing$kEssay collection$1http://viaf.org/viaf/92910249/seriousnoticing
=245  10$aSerious noticing :$bselected essays, 1997-2019 /$cJames Wood.
=250  \\$aFirst American edition.
=264  \1$aNew York :$bFarrar, Straus and Giroux,$c2020.
=264  \4$c©2019
=300  \\$avi, 510 pages ;$c22 cm
=336  \\$atext$btxt$2rdacontent
=337  \\$aunmediated$bn$2rdamedia
=338  \\$avolume$bnc$2rdacarrier
=336  \\$atext$2rdacontent$0http://rdaregistry.info/termList/RDAContentType/1020
=337  \\$aunmediated$2rdamedia$0http://rdaregistry.info/termList/RDAMediaType/1007
=338  \\$avolume$2rdacarrier$0http://rdaregistry.info/termList/RDACarrierType/1049
=500  \\$a"These essays originally appeared, in slightly different form, in The New Yorker, London Review of Books, and The New Republic"--Title page verso.
=500  \\$aOriginally published in 2019 by Vintage, Great Britain, as Serious noticing: selected essays.
=505  00$aFun stuff: homage to Keith Moon -- What Chekhov meant by life -- Serious noticing -- Saul Bellow's comic style -- Anna Karenina and characterization -- Joseph Roth's empire of signs -- Paul Auster's shallowness -- Hysterical realism -- Bohumil Hrabal's comic world -- George Orwell's very English revolution -- Jane Austen's heroic consciousness -- Cormac McCarthy's the road -- Reality examined to the point of madness': László Krasznahorkai -- Wounder and wounded -- On not going home -- Other side of silence: rereading W. G. Sebald -- Becoming them -- Don Quixote's old and new testaments -- Dostoevsky's god -- Helen Garner's savage honesty -- All and the if: God and metaphor in Melville -- Elena Ferrante -- Virginia Woolf's Mysticism -- Job existed: Primo Levi -- Marilynne Robinson -- Ismail Kadare -- Jenny Erpenbeck -- Packing my father-in-law's library.
=600  10$aAusten, Jane,$d1775-1817.
=600  10$aAuster, Paul,$d1947-
=600  10$aBellow, Saul.
=600  10$aChekhov, Anton Pavlovich,$d1860-1904.
=600  10$aDostoyevsky, Fyodor,$d1821-1881.
=600  10$aErpenbeck, Jenny,$d1967-
=600  10$aFerrante, Elena.
=600  10$aGarner, Helen,$d1942-
=600  10$aHrabal, Bohumil,$d1914-1997.
=600  10$aKadare, Ismail.
=600  10$aKrasznahorkai, László.
=600  10$aLevi, Primo.
=600  10$aMoon, Keith,$d1946-1978.
=600  10$aOrwell, George,$d1903-1950.
=600  10$aQuixote,$cDon (Fictitious character)
=600  10$aRobinson, Marilynne.
=600  10$aRoth, Joseph,$d1894-1939.
=600  10$aSebald, W. G.$q(Winfried Georg),$d1944-2001.
=600  10$aWoolf, Virginia,$d1882-1941.
=648  \7$a1900-2099$2fast
=700  12$aMcCarthy, Cormac,$d1933-2023.$tRoad.
=700  12$aTolstoy, Leo,$cgraf,$d1828-1910.$tAnna Karenina.
=700  12$aWood, James$tFun stuff: homage to Keith Moon$1http://viaf.org/viaf/92910249/seriousnoticing/01
=700  12$aWood, James$tWhat Chekhov meant by life$1http://viaf.org/viaf/92910249/seriousnoticing/02
=700  12$aWood, James$tSerious noticing$1http://viaf.org/viaf/92910249/seriousnoticing/03
=700  12$aWood, James$tSaul Bellow's comic style$1http://viaf.org/viaf/92910249/seriousnoticing/04
=700  12$aWood, James$tAnna Karenina and characterization$1http://viaf.org/viaf/92910249/seriousnoticing/05
=700  12$aWood, James$tJoseph Roth's empire of signs$1http://viaf.org/viaf/92910249/seriousnoticing/06
=700  12$aWood, James$tPaul Auster's shallowness$1http://viaf.org/viaf/92910249/seriousnoticing/07
=700  12$aWood, James$tHysterical realism$1http://viaf.org/viaf/92910249/seriousnoticing/08
=700  12$aWood, James$tBohumil Hrabal's comic world$1http://viaf.org/viaf/92910249/seriousnoticing/09
=700  12$aWood, James$tGeorge Orwell's very English revolution$1http://viaf.org/viaf/92910249/seriousnoticing/11
=700  12$aWood, James$tJane Austen's heroic consciousness$1http://viaf.org/viaf/92910249/seriousnoticing/11
=700  12$aWood, James$tCormac McCarthy's the road$1http://viaf.org/viaf/92910249/seriousnoticing/12
=700  12$aWood, James$tReality examined to the point of madness': László Krasznahorkai$1http://viaf.org/viaf/92910249/seriousnoticing/13
=700  12$aWood, James$tWounder and wounded$1http://viaf.org/viaf/92910249/seriousnoticing/14
=700  12$aWood, James$tOn not going home$1http://viaf.org/viaf/92910249/seriousnoticing/15
=700  12$aWood, James$tOther side of silence: rereading W. G. Sebald$1http://viaf.org/viaf/92910249/seriousnoticing/16
=700  12$aWood, James$tBecoming them$1http://viaf.org/viaf/92910249/seriousnoticing/17
=700  12$aWood, James$tDon Quixote's old and new testaments$1http://viaf.org/viaf/92910249/seriousnoticing/18
=700  12$aWood, James$tDostoevsky's god$1http://viaf.org/viaf/92910249/seriousnoticing/19
=700  12$aWood, James$tHelen Garner's savage honesty$1http://viaf.org/viaf/92910249/seriousnoticing/20
=700  12$aWood, James$tAll and the if: God and metaphor in Melville$1http://viaf.org/viaf/92910249/seriousnoticing/21
=700  12$aWood, James$tElena Ferrante$1http://viaf.org/viaf/92910249/seriousnoticing/22
=700  12$aWood, James$tVirginia Woolf's Mysticism$1http://viaf.org/viaf/92910249/seriousnoticing/23
=700  12$aWood, James$tJob existed: Primo Levi$1http://viaf.org/viaf/92910249/seriousnoticing/24
=700  12$aWood, James$tMarilynne Robinson$1http://viaf.org/viaf/92910249/seriousnoticing/25
=700  12$aWood, James$tIsmail Kadare$1http://viaf.org/viaf/92910249/seriousnoticing/26
=700  12$aWood, James$tJenny Erpenbeck$1http://viaf.org/viaf/92910249/seriousnoticing/27
=700  12$aWood, James$tPacking my father-in-law's library$1http://viaf.org/viaf/92910249/seriousnoticing/28

