=LDR  02454cjm a2200385 a 4500
=001  18420971
=003  LC
=005  20141229125152.0
=007  sd\fsngnnmmned
=008  141229s2012\\\\nyurcn|\\\\\\\\\\\|\eng\\
=010  \\$a  2014627578
=024  1\$a793447355627
=028  02$aRTCD 1005$bRakish Tilt Records
=100  1\$aMcCarthy, Cormac$c(Singer)$4prf$1https://isni.org/isni/0000000046450913$4http://rdaregistry.info/Elements/e/object/P20039
=240  10$aColleteral$kRecordings collection$1https://isni.org/isni/0000000046450913/collateral
=245  10$aCollateral$h[sound recording] /$cCormac McCarthy.
=260  \\$aSouth Berwick, ME :$bRakish Tilt Records,$c[2012]
=300  \\$a1 sound disc :$bdigital ;$c4 3/4 in.
=336  \\$aperformed music$2rdacontent$0http://rdaregistry.info/termList/RDAContentType/1011
=337  \\$aaudio$2rdamedia$0http://rdaregistry.info/termList/RDAMediaType/1001
=338  \\$acompact disc$2rdacarrier$0http://rdaregistry.info/termList/RDACarrierType/1013
=500  \\$aCompact disc.
=505  0\$aGotta keep movin' -- The working poor -- Cadillac man -- Back when I worked on the railroad -- The crossroads -- One a night like this -- You can't outrun the hounds -- Walking on solid ground -- Jailhouse bound -- Doppelganger.
=700  12$aMcCarthy, Cormac$tGotta keep movin'$1https://isni.org/isni/0000000046450913/collateral/01
=700  12$aMcCarthy, Cormac$tThe working poor$1https://isni.org/isni/0000000046450913/collateral/02
=700  12$aMcCarthy, Cormac$tCadillac man$1https://isni.org/isni/0000000046450913/collateral/03
=700  12$aMcCarthy, Cormac$tBack when I worked on the railroad$1https://isni.org/isni/0000000046450913/collateral/04
=700  12$aMcCarthy, Cormac$tThe crossroads$1https://isni.org/isni/0000000046450913/collateral/05
=700  12$aMcCarthy, Cormac$tOne a night like this$1https://isni.org/isni/0000000046450913/collateral/06
=700  12$aMcCarthy, Cormac$tYou can't outrun the hounds$1https://isni.org/isni/0000000046450913/collateral/07
=700  12$aMcCarthy, Cormac$tWalking on solid ground$1https://isni.org/isni/0000000046450913/collateral/08
=700  12$aMcCarthy, Cormac$tJailhouse bound$1https://isni.org/isni/0000000046450913/collateral/09
=700  12$aMcCarthy, Cormac$tDoppelganger.$1https://isni.org/isni/0000000046450913/collateral/10
=511  0\$aCormac McCarthy, vocals, guitar, harmonica ; with assisting musicians.

