=LDR  02787cjm a2200481 a 4500
=001  5628905
=003  LC
=005  20180205103625.0
=007  sd\fsngnnmmned
=008  910827s1990\\\\ctuppn|\\d\\\\\\\\|\eng\\
=010  \\$a   91741702 
=024  1\$a048248210225
=028  02$aGLCD 2102$bGreen Linnet
=041  0\$deng$eeng
=100  1\$aMcCarthy, Cormac$c(Singer)$4prf$1https://isni.org/isni/0000000046450913$4http://rdaregistry.info/Elements/e/object/P20039
=240  10$aTroubled sleep$kRecordings collection$1https://isni.org/isni/0000000046450913/troubledsleep
=245  10$aTroubled sleep /$cCormac McCarthy.
=260  \\$aDanbury, CT :$bGreen Linnet,$c℗1990.
=300  \\$a1 audio disc :$bdigital, stereo ;$c4 3/4 in.
=336  \\$aperformed music$bprm$2rdacontent
=337  \\$aaudio$bs$2rdamedia
=338  \\$aaudio disc$bsd$2rdacarrier
=336  \\$aperformed music$2rdacontent$0http://rdaregistry.info/termList/RDAContentType/1011
=337  \\$aaudio$2rdamedia$0http://rdaregistry.info/termList/RDAMediaType/1001
=338  \\$acompact disc$2rdacarrier$0http://rdaregistry.info/termList/RDACarrierType/1013
=490  1\$aRedbird series
=500  \\$aAll songs written by Cormac McCarthy.
=500  \\$aCompact disc.
=500  \\$aLyrics on container insert.
=505  0\$aEmpty promises -- Life outside these walls -- Nobody but you -- Wild beneath my window -- When my boat is built again -- Why don't you stay -- Dreams -- Cows -- Waltz with the Captain's daughter -- Troubled sleep.
=700  12$aMcCarthy, Cormac$tEmpty promises$1https://isni.org/isni/0000000046450913/troubledsleep/00
=700  12$aMcCarthy, Cormac$tLife outside these walls$1https://isni.org/isni/0000000046450913/troubledsleep/01
=700  12$aMcCarthy, Cormac$tNobody but you$1https://isni.org/isni/0000000046450913/troubledsleep/02
=700  12$aMcCarthy, Cormac$tWild beneath my window$1https://isni.org/isni/0000000046450913/troubledsleep/03
=700  12$aMcCarthy, Cormac$tWhen my boat is built again$1https://isni.org/isni/0000000046450913/troubledsleep/04
=700  12$aMcCarthy, Cormac$tWhy don't you stay$1https://isni.org/isni/0000000046450913/troubledsleep/05
=700  12$aMcCarthy, Cormac$tDreams$1https://isni.org/isni/0000000046450913/troubledsleep/06
=700  12$aMcCarthy, Cormac$tCows$1https://isni.org/isni/0000000046450913/troubledsleep/07
=700  12$aMcCarthy, Cormac$tWaltz with the Captain's daughter$1https://isni.org/isni/0000000046450913/troubledsleep/08
=700  12$aMcCarthy, Cormac$tTroubled sleep.$1https://isni.org/isni/0000000046450913/troubledsleep/09
=511  0\$aPerformed by Cormac McCarthy, vocals, guitar, harmonica ; with accompanying musicians.
=518  \\$aRecorded at Fishtracks, Portsmouth, N.H.
=830  \0$aRedbird series.

